1464 2384
148 121 199 159 54
278 120 355 159 AB
392 120 650 160 EXCESSV
688 120 946 161 AVGVSTI
983 122 1058 161 IV.
1097 120 1158 171 74,
1197 120 1246 161 75

148 234 196 259 ac
216 208 359 260 Seiani
379 235 590 269 censuere,
611 220 851 270 crebrisque
871 222 1065 270 precibus
1084 222 1376 270 efflagitabant

146 284 309 323 uisendi
325 284 386 323 sui
403 284 564 333 copiam
578 283 782 323 facerent.
838 299 921 323 non
936 285 997 324 illi
1012 290 1152 325 tamen
1169 285 1212 324 in
1228 285 1375 324 urbem

147 351 221 385 aut
246 347 479 396 propinqua
504 347 599 386 urbi
626 347 812 395 degressi
833 352 950 395 sunt3
981 348 1082 387 satis
1101 348 1237 387 uisum
1257 348 1375 387 omit-

91 425 129 447 10
148 413 236 449 tere
267 409 447 448 insulam
480 414 522 448 et
554 409 597 448 in
630 409 820 458 proximo
850 409 1103 459 Campaniae
1133 410 1272 460 aspici.
1328 425 1376 450 eo

148 472 291 511 uenire
317 476 470 521 patres,
497 486 635 520 eques,
662 486 818 520 magna
843 486 940 520 pars
966 472 1111 521 plebis,
1132 473 1249 511 anxii
1274 487 1376 522 erga

149 535 360 584 Seianum,
381 535 498 574 cuius
523 535 667 573 durior
693 549 941 583 congressus
967 540 1093 585 atque
1119 551 1166 575 eo
1193 551 1266 586 per
1291 552 1376 576 am-

147 598 283 638 bitum
326 602 368 637 et
412 598 611 637 societate
655 598 922 637 consiliorum
965 599 1209 648 parabatur.
1275 601 1376 639 satis

149 661 372 701 constabat
405 665 573 700 auctam
606 661 643 700 ei
677 661 971 709 adrogantiam
1001 662 1171 701 foedum
1199 663 1304 701 illud
1332 663 1376 702 in

93 741 127 773 15
147 726 371 775 propatulo
397 725 615 765 seruitium
642 726 870 774 spectanti;
905 726 1057 775 quippe
1085 727 1242 766 Romae
1269 727 1376 766 sueti

148 790 359 829 discursus
385 793 427 829 et
452 788 745 837 magnitudine
772 789 887 827 urbis
906 789 1113 828 incertum
1134 791 1245 839 quod
1266 790 1376 840 quis-

148 868 228 903 que
244 853 298 892 ad
311 853 527 901 negotium
539 856 690 901 pergat
704 869 711 891 z
741 852 799 890 ibi
813 866 959 901 campo
972 857 1046 891 aut
1058 853 1179 893 litore
1191 854 1376 893 iacentes

148 917 263 955 nullo
290 916 528 956 discrimine
554 920 719 954 noctem
747 930 795 954 ac
823 916 933 955 diem
958 916 1078 955 iuxta
1102 918 1283 966 gratiam
1303 923 1377 957 aut

147 981 282 1020 fastus
318 980 544 1019 ianitorum
578 979 937 1029 perpetiebantur,
971 980 1103 1019 donec
1136 981 1179 1020 id
1212 996 1376 1031 quoque

90 1055 130 1076 20
148 1045 349 1092 uetitum;
396 1047 439 1083 et
470 1057 670 1082 reuenere
703 1043 746 1082 in
779 1044 926 1082 urbem
959 1044 1124 1093 trepidi,
1158 1059 1261 1093 quos
1292 1060 1376 1084 non

147 1122 349 1157 sermone,
362 1121 446 1146 non
462 1107 554 1145 uisu
568 1106 768 1155 dignatus
781 1110 884 1155 erat,
899 1107 1069 1155 quidam
1083 1107 1191 1146 male
1204 1108 1376 1157 alacres,

148 1171 299 1220 quibus
318 1170 528 1208 infaustae
548 1169 756 1208 amicitiae
777 1169 919 1218 grauis
940 1170 1077 1208 exitus
1096 1170 1353 1210 imminebat.

226 1232 293 1275 75.
350 1231 547 1272 Ceterum
572 1231 763 1270 Tiberius
786 1236 955 1280 neptem
976 1232 1257 1282 Agrippinam
1276 1233 1376 1272 Ger-

148 1295 312 1335 manico
345 1298 480 1333 ortam
514 1308 608 1332 cum
637 1307 777 1332 coram
807 1293 880 1333 Cu.
912 1294 1093 1333 Domitio
1122 1295 1376 1345 tradidisset,

148 1360 192 1398 in
220 1358 325 1397 urbe
354 1357 558 1396 celebrari
586 1357 756 1406 nuptias
783 1356 914 1395 iussit.
969 1357 1012 1395 in
1043 1357 1225 1397 Domitio
1254 1373 1378 1408 super

149 1426 405 1462 uetustatem
452 1420 618 1470 generis
663 1420 942 1469 propinquum
990 1420 1239 1460 Caesaribus
1284 1436 1377 1462 san-

112 1502 129 1536 5
151 1486 319 1536 guinem
349 1484 586 1533 delegerat3
628 1497 725 1521 nam
754 1482 788 1520 is
818 1482 955 1521 auiam
987 1482 1206 1522 Octauiam
1234 1489 1276 1523 et
1304 1500 1378 1534 per

150 1565 242 1590 eam
270 1550 512 1598 Augustum
541 1547 798 1586 auunculum
827 1546 1105 1595 praeferebat.
