1464 2384
162 586 327 639 THE
381 587 714 639 ANNALS
771 586 872 639 OF
927 585 1303 638 TACITUS:

597 723 752 762 BOOK
791 723 867 761 IV.

142 881 452 918 CHAP'I'ERS
497 880 671 917 1—16:
723 880 960 916 EVENTS
1004 879 1079 916 OF
1120 879 1180 915 23
1222 879 1326 916 A.D.

198 991 236 1033 1.
293 991 336 1030 C.
353 991 500 1029 Asinio
514 990 557 1029 C.
572 989 757 1028 Antistio
774 988 1014 1028 consulibus
1029 1002 1163 1026 nonus
1178 988 1345 1027 Tiberio

117 1068 254 1093 annus
274 1059 365 1093 erat
392 1054 643 1103 compositae
669 1053 728 1092 rei
754 1053 959 1102 publicae,
987 1052 1172 1091 florentis
1201 1052 1347 1091 domus

121 1118 237 1164 (nam
274 1118 511 1156 Germanici
547 1121 721 1155 mortem
752 1116 862 1154 inter
895 1129 1093 1164 prospera
1130 1115 1346 1163 ducebat),

117 1194 211 1219 cum
232 1186 402 1229 repente
423 1180 595 1219 turbare
619 1179 791 1218 fortuna
820 1178 968 1227 coepit,
989 1178 1149 1217 saeuire
1168 1178 1255 1227 ipse
1275 1183 1348 1217 aut

118 1243 402 1282 saeuientibus
422 1243 532 1281 uires
558 1243 771 1291 praebere.
827 1241 993 1279 initium
1014 1246 1055 1279 et
1075 1255 1201 1280 causa
1221 1256 1348 1290 penes
1368 1260 1384 1291 5

118 1306 286 1345 Aelium
321 1306 518 1345 Seianum
553 1305 794 1344 cohortibus
822 1304 1042 1353 praetoriis
1075 1305 1347 1353 praefectum,

118 1370 235 1408 cuius
261 1369 312 1409 de
338 1370 526 1419 potentia
554 1384 679 1418 supra
707 1368 958 1407 memoraui:
994 1382 1104 1406 nunc
1132 1368 1348 1416 originem,

118 1446 264 1481 mores,
295 1437 336 1471 et
364 1447 446 1481 quo
477 1432 664 1470 facinore
698 1430 1025 1470 dominationem
1059 1436 1227 1478 raptum
1255 1431 1350 1469 ierit

117 1496 350 1545 expediam.
406 1496 573 1543 genitus
614 1494 814 1533 Vulsiniis
852 1498 970 1542 patre
1010 1493 1105 1532 Seio
1141 1493 1350 1533 Strabone

117 1559 256 1608 equite
286 1559 487 1607 Romano,
518 1564 559 1597 et
585 1558 719 1607 prima
748 1557 920 1595 iuuenta
949 1556 1100 1594 Gaium
1129 1556 1351 1596 Caesarem

116 1622 203 1661 diui
224 1622 409 1671 Augusti
430 1626 623 1671 nepotem
651 1625 846 1668 sectatus,
867 1634 963 1658 mox
985 1619 1198 1658 Tiberium
1226 1621 1352 1658 uariis

115 1685 278 1724 artibus
306 1684 511 1733 deuinxit,
539 1684 644 1723 adeo
672 1688 718 1722 ut
745 1683 966 1721 obscurum
997 1682 1221 1721 aduersum
1250 1683 1353 1722 alios

117 1748 197 1787 sibi
237 1748 310 1786 uni
349 1748 566 1786 incautum
605 1748 891 1794 intectumque
929 1746 1122 1794 efficeret,
1154 1760 1237 1784 non
1266 1752 1351 1785 tam

118 1811 304 1849 sollertia
347 1811 518 1859 (quippe
554 1811 685 1849 isdem
724 1809 886 1848 artibus
926 1808 1060 1846 uictus
1098 1810 1178 1856 est)
1227 1824 1352 1858 quam

116 1874 241 1913 deum
260 1874 322 1912 ira
345 1874 389 1912 in
416 1888 501 1912 rem
528 1874 773 1921 Romanam,
803 1874 919 1911 cuius
944 1872 1034 1919 pari
1062 1872 1189 1911 exitio
1217 1874 1353 1922 uiguit

117 1936 363 1984 ceciditque.
433 1950 582 1985 corpus
619 1936 679 1974 illi
717 1937 909 1975 laborum
956 1934 1150 1983 tolerans,
1190 1937 1353 1975 animus

117 1999 280 2047 audax;
328 1999 391 2038 sui
437 2000 653 2049 obtegens,
692 2000 733 2038 in
782 2000 883 2038 alios
921 1997 1186 2047 criminator3
1233 2000 1353 2039 iuxta

117 2062 305 2101 adulatio
326 2068 368 2102 et
388 2063 583 2111 superbia
592 2080 599 2110 ;
631 2064 769 2112 palam
797 2063 1047 2112 compositus
1069 2063 1214 2112 pudor,
1242 2064 1355 2103 intus

116 2139 277 2165 summa
304 2126 517 2175 apiscendi
544 2127 686 2175 libido,
711 2127 880 2175 eiusque
902 2140 1027 2165 causa
1048 2126 1170 2165 modo
1185 2127 1355 2176 largitio

215 2208 244 2230 E.
266 2208 295 2231 T.
1246 2201 1259 2231 1

1374 1573 1410 1595 10

1375 1884 1410 1916 Ῑ5
