1464 2384
118 108 142 145 8
482 105 757 146 CORNELII
795 104 989 144 TACITI

119 213 339 258 postquam
390 207 628 246 conuiuium
674 206 838 254 inierat,
885 209 1107 254 exceptum
1152 204 1347 254 poculum

120 273 256 311 Druso
294 271 537 319 tradidisse5
585 275 710 318 atque
747 270 818 325 illo
848 269 996 318 ignaro
1030 272 1072 307 et
1108 267 1348 306 iuueniliter

64 343 100 375 Ι5
118 335 338 374 hauriente
371 339 538 373 auctam
576 329 863 381 suspicionem,
901 335 1117 380 tamquam
1154 334 1268 369 metu
1306 333 1348 368 et

120 398 279 447 pudore
299 397 464 436 sibimet
484 398 699 445 inrogaret
718 400 896 434 mortem
912 409 1038 443 quam
1057 393 1167 443 patri
1187 397 1348 432 struxe-

121 465 200 499 rat.

201 524 270 565 11.
327 523 443 561 Haeo
482 522 611 570 uulgo
648 521 806 560 iactata
845 534 968 569 super
1004 519 1047 558 id
1085 518 1196 568 quod
1233 518 1348 557 nullo

121 591 292 626 auctore
326 591 439 626 certo
465 587 687 624 firmantur
715 588 905 634 prompte
938 583 1201 623 refutaueris.
1257 582 1348 630 quis

121 651 231 690 enim
275 650 473 689 mediocri
517 649 752 698 prudentia,
790 649 945 688 nedum
988 648 1178 687 Tiberius
1220 646 1350 686 tantis

121 715 247 754 rebus
267 713 486 761 exercitus,
506 713 696 751 inaudito
722 712 806 751 filio
827 711 1001 751 exitium
1022 711 1203 760 offerret,
1223 710 1348 758 idque

86 792 102 825 5
122 792 196 817 sua
226 791 351 815 manu
379 781 421 816 et
445 777 560 815 nullo
584 776 638 815 ad
664 774 962 825 paenitendum
987 774 1210 822 regressu?
1248 773 1349 822 quin

122 839 259 888 potius
291 838 528 876 ministrum
558 837 707 876 ueneni
738 836 1011 884 excruciaret,
1039 840 1253 874 auctorem
1280 848 1350 873 ex-

123 903 320 952 quireret,
349 902 474 940 insita
503 901 683 950 denique
709 901 835 940 etiam
864 900 907 938 in
933 905 1154 939 extraneos
1180 902 1350 938 cuncta-

124 967 236 1006 tione
252 971 293 1005 et
307 980 423 1005 mora
439 966 663 1005 aduersum
679 965 847 1004 unicum
863 969 905 1003 et
917 964 1073 1002 nullius
1088 967 1186 1002 ante
1202 961 1351 1011 flagitii

124 1033 369 1079 conpertum
403 1028 621 1068 uteretur?
669 1028 741 1067 sed
774 1027 872 1076 quia
907 1027 1082 1066 Seianus
1114 1026 1349 1065 facinorum

68 1107 104 1128 10
124 1094 310 1133 omnium
322 1097 510 1141 repertor
524 1091 773 1139 habebatur,
790 1105 842 1129 ex
858 1090 985 1129 nimia
1001 1089 1177 1128 caritate
1196 1089 1239 1127 in
1256 1102 1349 1127 eum

125 1156 314 1196 Caesaris
352 1161 393 1195 et
425 1160 659 1194 ceterorum
691 1155 734 1193 iu
769 1159 991 1203 utrumque
1025 1153 1119 1192 odio
1156 1152 1348 1201 quamuis

123 1219 317 1258 fabulosa
343 1223 385 1258 et
407 1218 606 1257 immania
636 1218 929 1266 credebantur,
957 1217 1161 1256 atrociore
1188 1230 1351 1265 semper

123 1282 238 1321 fama
254 1296 355 1331 erga
375 1282 680 1321 dominantium
700 1281 847 1320 exitus.
891 1281 991 1319 ordo
1007 1280 1162 1328 alioqui
1183 1279 1348 1318 sceleris

124 1360 197 1394 per
222 1345 447 1394 Apicatam
475 1344 615 1383 Seiani
636 1343 837 1393 proditus,
861 1343 1079 1382 tormentis
1102 1342 1278 1381 Eudemi
1302 1356 1350 1381 ac

69 1423 102 1457 15
125 1409 263 1458 Lygdi
284 1407 522 1457 patefactus
542 1412 615 1446 est.
672 1422 807 1456 neque
827 1407 1048 1456 quisquam
1068 1405 1246 1454 scriptor
1264 1410 1350 1444 tam

123 1472 311 1511 infensus
347 1471 489 1510 extitit
526 1475 571 1509 ut
603 1470 769 1509 Tiberio
807 1470 1049 1518 obiectaret,
1083 1483 1177 1508 cum
1214 1468 1353 1507 omnia·

124 1536 207 1575 alia
244 1535 539 1584 conquirerent
576 1534 939 1582 intenderentque.
1013 1533 1114 1571 mihi
1156 1532 1353 1571 tradendi

124 1599 413 1648 arguendique
433 1598 610 1637 rumoris
625 1612 750 1636 causa
765 1597 847 1635 fuit
866 1602 913 1635 ut
933 1597 1045 1636 claro
1066 1596 1142 1634 sub
1163 1595 1352 1644 exemplo

124 1663 253 1702 falsas
299 1662 535 1701 auditiones
580 1661 831 1710 depellerem
879 1665 1146 1709 peteremque
1192 1659 1245 1698 ab
1292 1658 1353 1703 iis,

66 1745 106 1766 20
125 1741 303 1775 quorum
321 1726 365 1764 in
391 1739 539 1764 manus
566 1739 666 1763 cura
693 1728 835 1763 nostra
857 1724 1031 1772 uenerit,
1052 1737 1104 1762 ne
1131 1723 1353 1771 diuulgata

126 1794 253 1838 atque
289 1787 553 1827 incredibilia
597 1786 720 1825 auide
767 1790 939 1835 accepta
985 1785 1094 1824 ueris
1140 1799 1273 1833 neque
1310 1785 1352 1823 in

125 1852 374 1891 miraculum
403 1850 610 1899 corruptis
638 1849 936 1888 antehabeant.

208 1914 276 1956 12.
334 1914 542 1962 Ceterum,
558 1912 759 1951 laudante
776 1912 906 1950 filium
926 1926 1000 1961 pro
1017 1911 1160 1950 rostris
1175 1911 1353 1960 Tiberio,

128 1981 297 2017 senatus
342 1976 601 2025 populusque
644 1975 837 2014 habitum
884 1989 932 2013 ac
979 1989 1102 2013 uoces
1139 1974 1354 2013 dolentum

128 2040 391 2080 simulatione
411 2038 545 2087 magis
565 2052 690 2087 quam
713 2038 847 2077 libens
867 2038 1082 2086 induebat,
1103 2038 1354 2086 domumque

128 2101 366 2143 Germanici
406 2101 656 2139 reuirescere
695 2101 848 2139 occulti
895 2100 1177 2139 laetabantur.
1243 2101 1355 2149 quod
