1464 2384
216 111 294 150 AB
330 108 587 150 EXCESSV
625 107 880 147 AVGVsTI
921 106 983 146 IV
989 138 996 144 .
1033 106 1189 144 24—28
1273 103 1319 141 19

92 212 333 252 faciendum
353 211 504 260 populo
526 210 714 249 Romano
734 208 914 247 miserat.
970 204 1150 255 cognitis
1168 204 1320 244 dehinc

95 274 323 313 Ptolemaei
344 287 418 323 per
436 272 479 311 id
499 272 657 311 bellum
678 271 838 318 studiis,
858 270 1062 319 repetitus
1082 283 1134 307 ex
1155 271 1320 306 uetusto
1343 279 1379 302 10

93 351 206 377 more
232 338 374 385 honos,
401 336 632 384 missusque
658 350 679 373 e
706 334 969 373 senatoribus
995 332 1066 381 qui
1095 331 1321 380 scipionem

94 403 313 450 eburnum,
346 406 489 450 togam
523 400 690 449 pictam,
724 398 897 447 antiqua
932 402 1100 447 patrum
1133 408 1320 441 munera,

94 464 214 504 daret
233 477 458 513 regemque
479 467 520 502 et
540 462 697 501 socium
717 465 843 509 atque
863 460 1042 498 amicum
1063 458 1307 507 appellaret.

171 527 243 570 27.
299 526 458 565 Eadem
495 530 655 564 aestate
694 528 807 562 mota
845 537 918 571 per
955 522 1125 560 Italiam
1159 520 1321 559 seruilis

93 591 191 630 belli
237 590 395 629 semina
440 590 526 627 fors
572 587 787 636 oppressit.
844 590 991 625 auctor
1034 585 1239 623 tumultus
1276 583 1320 621 T.

92 653 309 701 Curtisius,
329 651 541 701 quondam
568 649 801 699 praetoriae
830 648 1012 687 cohortis
1037 647 1168 695 miles,
1189 647 1321 695 pri‘mo

92 716 278 755 coetibus
294 713 566 754 clandestinis
581 712 694 761 apud
710 711 980 750 Brundisium
997 714 1037 749 et
1055 709 1321 748 circumiecta

92 777 257 827 oppida,
284 791 380 815 mox
407 776 550 825 positis
576 774 793 823 propalam
820 773 973 812 libellis
998 772 1053 810 ad
1083 772 1323 811 libertatem
1342 782 1359 815 5

93 841 271 880 uocabat
310 838 494 888 agrestia
532 852 604 886 per
642 837 893 885 longinquos
927 835 1058 874 saltus
1092 843 1131 873 et
1165 834 1322 873 ferocia

93 903 277 951 seruitia,
307 917 402 941 cum
432 902 547 941 uelut
574 914 746 939 munere
776 900 901 938 deum
930 904 1015 937 tres
1044 899 1222 937 biremes
1251 897 1323 936 ad-

92 967 234 1016 pulere
278 965 332 1004 ad
377 979 475 1003 usus
512 963 835 1003 commeantium
872 962 942 1001 illo
980 961 1097 1000 mari.
1154 965 1195 999 et
1233 964 1323 999 erat

92 1029 222 1068 isdem
235 1029 476 1077 regionibus
490 1028 636 1068 Cutius
650 1028 792 1076 Lupus
805 1030 1013 1075 quaestor,
1027 1025 1094 1064 cui
1106 1025 1324 1074 prouincia

94 1097 235 1132 uetere
262 1107 313 1131 ex
340 1106 452 1130 more
479 1092 606 1130 calles
632 1095 882 1130 euenerant:
912 1090 946 1128 is
973 1089 1173 1138 disposita
1199 1088 1323 1127 class·
1345 1097 1383 1120 10

95 1157 294 1196 iariorum
332 1157 450 1205 copia
489 1159 754 1204 coeptantem
792 1168 887 1193 cum
920 1153 1100 1192 maxime
1134 1151 1324 1191 coniura-

94 1221 249 1259 tionem
269 1220 444 1259 disiecit.
491 1220 722 1268 missusque
742 1234 767 1258 a
787 1218 966 1258 Caesare
986 1230 1161 1266 propere
1183 1215 1324 1256 Staius

95 1284 289 1323 tribunus
308 1298 402 1323 cum
422 1283 565 1322 ualida
584 1298 712 1321 manu
733 1283 881 1321 ducem
901 1281 1037 1330 ipsum
1053 1285 1094 1320 et
1113 1279 1324 1329 proximos

93 1347 271 1386 audacia
299 1347 342 1385 in
369 1347 516 1385 urbem
542 1346 685 1394 traxit,
711 1346 794 1384 iam
821 1344 1031 1393 trepidam
1057 1344 1109 1382 ob
1135 1343 1324 1381 multitu-

94 1411 234 1450 dinem
253 1411 522 1456 familiarum,
543 1424 650 1459 quae
672 1408 877 1458 gliscebat
897 1408 1144 1454 inmensum,
1165 1406 1323 1444 minore
1346 1414 1381 1448 15

94 1474 135 1512 in
157 1474 244 1512 dies
263 1473 384 1522 plebe
404 1473 600 1521 ingenua.

173 1537 244 1579 28.
300 1536 440 1575 Isdem
473 1536 714 1575 consulibus
747 1535 1008 1574 miseriarum
1042 1548 1090 1573 ac
1124 1533 1324 1572 saeuitiae

96 1600 333 1648 exemplum
357 1604 491 1647 atrox,
512 1613 608 1638 reus
628 1604 760 1647 pater,
781 1602 1002 1637 accusator
1021 1597 1131 1635 filius
1155 1596 1323 1642 (nomen

98 1662 261 1710 utrique
294 1655 459 1700 Vibius
480 1661 680 1707 Serenus)
717 1661 758 1699 in
793 1664 985 1699 senatum
1017 1659 1181 1697 inducti
1214 1663 1324 1696 sunt.

98 1727 151 1765 ab
179 1726 303 1764 exilio
330 1730 538 1764 retractus
557 1725 799 1773 inluuieque
820 1738 868 1763 ac
890 1723 1082 1772 squalore
1103 1722 1264 1761 obsitus
1284 1731 1323 1760 et

95 1796 184 1828 tum
218 1798 365 1828 catena
401 1789 567 1828 uinctus
600 1795 721 1838 pater
753 1788 890 1827 oranti
925 1788 1009 1826 filio
1043 1790 1362 1837 comparatur.5

95 1853 340 1892 adulescens
374 1853 515 1891 multis
548 1852 778 1900 munditiis,
812 1851 943 1890 alacri
978 1851 1111 1899 uultu,
1141 1854 1326 1889 structas

96 1916 273 1965 principi
298 1915 484 1962 insidias,
515 1915 659 1954 missos
684 1915 727 1953 in
753 1914 936 1953 Galliam
964 1913 1196 1952 concitores
1224 1913 1323 1951 belli

95 1979 222 2018 index
255 1979 365 2018 idem
399 1984 440 2017 et
474 1978 592 2017 testis
621 1978 812 2026 dicebat;
856 1977 1194 2025 adnectebatque
1224 1976 1325 2016 Cae-

94 2042 235 2081 cilium
250 2042 482 2081 Cornutum
495 2042 753 2090 praetorium
765 2040 1067 2079 ministrauisse
1081 2040 1301 2088 pecuniam
1315 2057 1324 2087 ;

94 2104 164 2152 qui
198 2104 338 2143 taedio
372 2118 580 2151 curarum,
616 2108 658 2142 et
691 2104 790 2152 quia
823 2102 1052 2152 periculum
1090 2116 1163 2150 pro
1198 2103 1324 2141 exitio
1347 2119 1385 2140 10

1147 2176 1234 2199 9-9

1146 2197 1165 2206 a
1215 2196 1234 2206 ..ι
