1464 2384
126 106 149 143 2
490 105 766 146 CORNELII
803 104 998 146 TAOITI

66 219 107 241 20
126 212 168 247 et
195 207 331 255 luxus,
353 207 517 255 saepius
535 206 744 245 industria
764 220 812 245 ac
833 206 1067 255 uigilantia,
1087 204 1201 244 haud
1219 203 1357 243 minus

125 270 276 309 noxiae
296 269 487 319 quotiens
506 269 694 319 parando
714 284 845 318 regno
865 270 1096 318 finguntur.

207 334 246 376 2.
306 333 401 371 Vim
438 334 729 382 praefecturae
766 332 973 371 modicam
1006 336 1131 371 antea
1162 330 1356 380 intendit,

127 398 335 446 dispersas
362 410 436 446 per
465 397 611 436 urbem
640 396 831 435 cohortes
859 410 943 434 una
968 396 1011 434 in
1040 399 1178 434 castra
1203 393 1357 434 condu-

126 460 271 509 cendo,
304 465 352 499 ut
382 460 503 498 simul
536 460 711 509 imperia
744 460 994 508 acciperent,
1027 472 1283 506 numeroque
1317 462 1358 496 et

126 525 275 564 robore
295 529 336 564 et
356 525 449 563 uisu
467 525 578 563 inter
597 538 638 563 se
665 524 819 563 fiducia
843 522 956 572 ipsis,
975 522 1019 560 in
1044 526 1203 560 ceteros
1222 525 1358 560 metus

88 600 104 633 5
126 592 326 627 oreretur.
382 586 688 637 praetendebat
706 586 900 626 lasciuire
919 584 1095 623 militem
1114 584 1355 632 diductum5

126 652 160 690 si
179 652 280 701 quid
307 652 493 691 subitum
518 651 703 700 ingruat,
724 650 880 689 maiore
900 648 1057 688 auxilio
1083 648 1240 697 pariter
1261 647 1355 685 sub-

127 716 259 755 ueniri
272 733 281 764 ;
311 720 353 755 et
368 716 553 755 seuerius
568 719 746 763 acturos,
761 715 793 752 si
810 713 969 752 uallum
985 717 1196 751 statuatur
1212 711 1355 760 procul

130 780 242 819 urbis
269 780 503 819 inlecebris.
560 783 606 817 ut
635 778 823 827 perfecta
852 782 949 815 sunt
982 780 1133 825 castra,
1166 775 1355 824 inrepere

126 843 330 892 paulatim
376 842 579 881 militares
625 841 785 880 animos
830 839 1039 888 adeundo,
1081 837 1333 887 appellando
1346 854 1355 884 ;

71 920 108 942 10
126 906 248 945 simul
274 906 539 945 centuriones
564 919 612 943 ac
638 904 830 943 tribunos
853 903 940 952 ipse
967 902 1164 951 deligere.
1220 914 1354 949 neque

127 970 335 1008 senatorio
362 969 523 1008 ambitu
550 968 792 1007 abstinebat
818 967 991 1005 clientes
1015 980 1108 1005 suos
1128 964 1357 1004 honoribus

126 1037 200 1071 aut
223 1032 449 1082 prouinciis
469 1031 659 1079 ornandi,
679 1030 795 1070 facili
815 1029 981 1068 Tiberio
1001 1034 1128 1078 atque
1146 1029 1207 1067 ita
1227 1040 1356 1077 prono

75 1121 82 1130 ·
127 1100 173 1134 ut
189 1096 345 1135 socium
361 1096 552 1134 laborum
569 1110 647 1133 non
667 1094 790 1133 modo
804 1094 847 1132 in
864 1093 1136 1141 sermonibus,
1152 1092 1224 1131 sed
1244 1090 1356 1139 apud

126 1163 267 1208 patres
287 1163 328 1198 et
354 1159 553 1208 populum
581 1158 814 1197 celebraret
839 1157 1000 1205 colique
1026 1171 1100 1206 per
1122 1156 1289 1195 theatra
1316 1164 1357 1195 et

71 1233 106 1265 15
125 1221 219 1261 fora
238 1221 395 1270 effigies
415 1221 502 1260 eius
521 1221 713 1269 interque
734 1220 937 1269 principia
957 1219 1169 1268 legionum
1189 1219 1355 1258 sineret.

205 1285 246 1326 3.
303 1284 499 1324 Ceterum
545 1283 668 1332 plena
715 1282 941 1322 Caesarum
987 1282 1146 1331 domus,
1193 1282 1356 1322 iuuenis

127 1348 249 1396 filius,
278 1352 449 1396 nepotes
478 1346 613 1385 adulti
641 1360 800 1385 moram
829 1345 980 1394 cupitis
1003 1345 1276 1394 adferebant3
1315 1351 1357 1385 et

127 1411 225 1460 quia
246 1412 287 1449 ui
307 1416 370 1450 tot
397 1412 517 1449 simul
547 1411 755 1459 corripere
775 1410 972 1458 intutum,
992 1410 1112 1448 dolus
1131 1410 1355 1449 interualla

127 1474 330 1513 scelerum
358 1473 568 1523 poscebat.
624 1472 782 1521 placuit
815 1477 953 1511 tamen
987 1473 1188 1511 occultior
1217 1474 1286 1511 uia
1315 1478 1356 1512 et

90 1553 106 1584 5
127 1551 151 1575 a
190 1536 326 1574 Druso
364 1535 558 1584 incipere,
596 1535 637 1573 in
675 1549 799 1583 quem
836 1535 992 1573 recenti
1029 1535 1091 1573 ira
1126 1534 1355 1574 ferebatur.

127 1613 225 1638 nam
255 1599 427 1647 Drusus,
453 1598 662 1647 inpatiens
690 1597 841 1636 aemuli
869 1602 908 1636 et
935 1598 1074 1637 animo
1100 1598 1354 1646 commotior,

127 1667 218 1701 orto
236 1662 346 1701 forte
365 1662 502 1710 iurgio
522 1661 762 1700 intenderat
789 1660 939 1700 Seiano
967 1675 1115 1699 manus
1140 1666 1182 1699 et
1209 1666 1355 1699 contra

128 1725 338 1764 tendentis
364 1739 408 1763 os
434 1725 745 1763 uerberauerat.
801 1724 932 1772 igitur
958 1730 1110 1763 cuncta
1130 1724 1354 1773 temptanti

128 1788 479 1837 promptissimum
508 1788 644 1826 uisum
673 1787 727 1826 ad
756 1802 927 1826 uxorein
954 1788 1041 1825 eius
1068 1788 1232 1826 Liuiam
1261 1801 1355 1826 con-

73 1871 110 1893 10
129 1858 304 1901 uertere,
333 1866 440 1900 quae
467 1866 582 1890 soror
607 1851 859 1899 Germanici,
885 1851 1046 1889 formae
1067 1850 1185 1889 initio
1205 1851 1356 1889 aetatis

127 1915 361 1963 indecorae,
405 1929 502 1954 mox
546 1914 858 1963 pulchritudine
896 1914 1190 1963 praecellebat.
1246 1915 1354 1953 hanc

130 1985 175 2018 ut
208 1993 347 2018 amore
378 1979 571 2018 incensus
604 1978 812 2016 adulterio
844 1977 1028 2026 pellexit,
1060 1982 1102 2016 et
1134 1982 1354 2026 postquam

129 2042 250 2091 primi
271 2042 420 2090 flagitii
445 2042 601 2091 potitus
620 2045 683 2080 est
712 2042 863 2089 (neque
889 2040 1046 2079 femina
1066 2040 1216 2079 amissa
1235 2040 1355 2089 pudi-

129 2106 229 2145 citia
261 2105 343 2144 alia
376 2104 605 2152 abnuerit),
636 2103 690 2142 ad
721 2103 902 2151 coniugii
942 2117 1068 2152 spem,
1102 2103 1354 2142 consortium
