1464 2384
161 84 211 122 46
518 83 793 124 CORNELII
832 85 1026 126 TACITI

161 199 288 224 causa
320 186 443 224 amici
471 189 545 224 aut
572 185 795 224 necessarii
823 186 1014 236 aberant,
1043 202 1197 237 pauere
1225 193 1390 239 tamem

105 259 143 291 25
161 249 399 298 nequedum
425 252 649 298 comperto,
675 263 778 298 quos
804 250 876 288 illa
902 251 965 289 uis
991 252 1247 301 perculisset,
1267 253 1407 292 latior'

162 326 214 350 ex
232 312 393 351 incerto
413 317 561 351 metus

241 376 312 418 63.
368 376 429 414 Vt
459 390 630 425 coepere
660 377 864 416 dimoueri
892 377 1056 425 obruta,
1084 392 1310 419 concursus
1336 381 1391 419 ad

161 437 376 476 exanimos
416 438 796 488 complectentium,
838 439 1139 489 osculantium3
1185 445 1228 480 et
1268 456 1390 491 saepe

161 505 386 550 certamen,
425 501 457 539 si
495 501 706 541 confusior
742 502 884 550 facies,
923 502 996 542 sed
1032 517 1109 552 par
1144 503 1281 543 forma
1317 510 1392 544 aut

161 567 278 602 aetas
298 578 480 603 errorem
496 564 853 612 adgnoscentibus
866 565 1038 604 fecerat.
1082 566 1390 615 quinquaginta

124 637 141 670 5
160 627 375 666 hominum
405 627 520 665 milia
546 641 594 666 eo
620 641 718 666 casu
746 627 968 667 debilitata
993 629 1061 667 uel
1087 629 1244 669 obtrita
1270 636 1389 680 sunt;

161 695 413 739 cautumque
450 691 493 729 in
531 695 743 739 posterum
777 696 946 730 senatus
978 693 1180 740 consulto,
1213 708 1265 732 ne
1298 695 1390 743 quis

160 753 459 802 gladiatorium
488 767 638 791 munus
668 753 822 802 ederet,
851 754 917 792 cui
945 754 1080 793 minor
1108 755 1391 805 quadringen-

160 820 297 855 torum
321 816 481 854 milium
505 830 581 865 reS,
602 831 709 856 neue
729 817 1086 866 amphitheatrum
1106 819 1391 868 imponeretur

161 880 239 919 nisi
255 880 340 919 solo
357 880 567 919 firmitatis
583 885 808 929 spectatae.
856 881 1012 919 Atilius
1026 881 1070 920 in
1085 882 1255 921 exilium
1271 888 1390 923 actus

105 959 142 980 10
160 949 234 983 est.
281 948 465 983 ceterum
482 944 558 982 sub
575 949 786 983 recentem
803 944 965 983 cladem
982 949 1154 993 patuere
1171 961 1388 995 procerum

160 1009 318 1056 domus,
348 1008 534 1047 fomenta
567 1012 609 1046 et
641 1008 792 1046 medici
821 1008 973 1056 passim
1003 1009 1195 1058 praebiti,
1225 1009 1388 1059 fuitque

160 1072 260 1111 urbs
286 1086 359 1121 per
385 1072 477 1110 illos
503 1071 591 1109 dies
617 1086 871 1120 quamquam
892 1076 1052 1111 maesta
1070 1072 1178 1112 facie
1199 1078 1389 1113 ueterum

159 1134 362 1173 institutis
403 1134 558 1182 similis,
597 1134 668 1183 qui
709 1148 865 1182 magna
903 1139 996 1183 post
1034 1136 1192 1184 proelia
1229 1137 1390 1175 saucios

159 1198 382 1247 largitione
413 1202 454 1237 et
482 1212 584 1237 cura
612 1198 919 1237 sustentabant.

240 1262 310 1304 64.
367 1261 566 1300 Nondum
600 1276 649 1300 ea
682 1262 822 1300 clades
859 1263 1113 1311 exoleuerat,
1147 1278 1241 1302 cum
1280 1263 1389 1312 ignis

160 1325 361 1364 uiolentia
386 1325 534 1363 urbem
561 1325 673 1363 ultra
700 1325 867 1363 solitum
888 1326 1058 1374 adfecit,
1079 1326 1226 1365 deusto
1246 1331 1388 1365 monte
1420 1366 1427 1373 „

161 1387 323 1435 Caelio;
369 1387 626 1435 feralemque
668 1401 825 1425 annum
866 1387 1062 1426 ferebant
1102 1392 1143 1426 et
1181 1389 1388 1427 ominibus

160 1450 347 1490 aduersis
370 1455 608 1499 susceptum
632 1450 810 1499 principi
831 1451 1048 1489 consilium
1068 1451 1296 1500 absentiae,
1317 1452 1388 1501 qui

124 1530 140 1563 5
159 1528 247 1552 mos
273 1513 413 1561 uulgo,
433 1512 610 1551 fortuita
636 1512 690 1551 ad
717 1513 882 1561 culpam
909 1513 1137 1561 trahentes,
1164 1514 1207 1552 ni
1235 1514 1388 1553 Caesar

159 1576 327 1615 obuiam
347 1575 446 1613 isset
466 1574 689 1613 tribuendo
710 1574 908 1623 pecunias
928 1589 979 1613 ex
995 1575 1117 1614 modo
1134 1575 1386 1615 detrimenti.

159 1644 362 1688 actaeque
403 1639 439 1678 ei
481 1643 623 1688 grates
666 1638 779 1687 apud
820 1643 1013 1678 senatum
1050 1640 1103 1678 ab
1141 1640 1388 1679 inlustribus

158 1703 354 1752 famaque
391 1702 504 1751 apud
542 1702 753 1750 populum,
787 1703 885 1750 quia
923 1702 1010 1741 sine
1048 1703 1275 1742 ambitione
1313 1708 1387 1742 aut

159 1767 442 1816 proximorum
470 1766 663 1815 precibus
687 1765 854 1814 ignotos
880 1766 1005 1804 etiam
1032 1771 1073 1805 et
1098 1767 1209 1805 ultro
1232 1768 1387 1807 accitos

105 1849 142 1869 10
159 1829 445 1868 munificentia
468 1829 645 1866 iuuerat.
700 1827 918 1866 adduntur
937 1829 1181 1878 sententiae,
1202 1834 1250 1868 ut
1268 1845 1386 1870 mons

160 1892 326 1932 Caelius
350 1893 393 1930 in
420 1896 631 1941 posterum
658 1891 878 1939 Augustus
901 1892 1197 1942 appellaretur,
1218 1894 1386 1942 quando

160 1956 321 1995 cunctis
347 1956 503 1994 circum
530 1954 809 2004 flagrantibus
836 1955 922 1993 sola
942 1955 1097 1994 Tiberii
1117 1956 1285 2006 effigies,
1306 1959 1386 1997 sita

158 2021 201 2058 in
231 2020 352 2058 domo
382 2019 493 2057 Iunii
524 2018 738 2067 senatoriS,
767 2019 971 2058 inuiolata
1000 2020 1230 2060 mansisset.
1292 2036 1385 2061 eue-

159 2085 268 2123 nisse
288 2083 331 2122 id
350 2083 447 2122 olim
469 2083 671 2122 Claudiae
693 2082 886 2131 Quintae,
907 2083 1077 2132 eiusque
1097 2088 1280 2123 statuam
1300 2086 1385 2124 uim
