1464 2384
173 106 221 145 14
533 104 808 145 CORNELII
846 104 1039 145 TAOITI

251 210 321 252 18.
377 208 469 258 Qua
502 222 628 247 causa
666 207 710 247 C.
750 207 897 247 Silium
930 211 972 247 et
1005 207 1160 246 Titium
1195 206 1398 247 Sabinum

169 271 430 321 adgreditur.
485 270 670 309 amicitia
696 270 936 309 Germanici
964 270 1197 319 perniciosa
1219 269 1399 318 utrique,

171 335 272 375 Silio
310 339 352 374 et
380 334 492 383 quod
521 334 705 382 ingentis
733 334 943 372 exercitus
971 338 1129 383 septem
1163 347 1236 382 per
1269 347 1400 372 annos

168 398 408 436 moderator
428 397 641 447 partisque
657 397 770 446 apud
786 396 1055 435 Germaniam
1075 396 1400 445 triumphalibus

134 468 151 501 5
171 461 453 501 Sacrouiriani
482 460 582 499 belli
617 460 763 507 uictor,
794 463 952 508 quanto
985 459 1141 498 maiore
1170 459 1278 498 mole
1307 473 1400 508 pro-

169 524 339 572 cideret,
386 524 479 572 plus
525 522 762 562 formidinis
811 523 854 561 in
908 522 1011 561 alios
1065 522 1399 571 dispergebatur.

169 587 400 626 credebant
439 587 627 636 plerique
665 591 833 625 auctam
867 585 1139 624 offensionem
1174 585 1304 634 ipsius
1340 584 1400 622 in-

169 651 460 700 temperantia,
498 650 718 689 immodice
755 649 951 688 iactantis
989 664 1110 688 suum
1146 649 1321 688 militem
1356 649 1399 686 in

169 714 367 763 obsequio
405 713 635 762 durauisse,
674 727 768 751 cum
805 712 874 751 alii
913 712 967 750 ad
1005 712 1228 751 seditiones
1265 712 1400 761 prola-

114 789 151 811 10
168 778 390 826 berentur3
420 792 556 826 neque
583 790 824 815 mansurum
853 776 1019 815 Tiberio
1045 776 1277 825 imperium,
1299 776 1331 814 si
1351 776 1400 814 iis

168 854 332 889 quoque
365 840 602 889 legionibus
631 839 782 888 cupido
812 839 997 877 nouandi
1024 838 1184 877 fuisset.
1240 838 1399 877 destrui

169 918 243 953 per
270 904 373 943 haec
405 904 621 942 fortunam
651 917 768 942 suam
798 902 952 941 Caesar
980 902 1252 951 inparemque
1281 906 1399 940 tanto

168 968 317 1006 merito
337 968 522 1006 rebatur.
579 981 677 1005 nam
704 966 907 1005 beneficia
933 979 981 1004 eo
1008 979 1137 1013 usque
1157 965 1269 1004 laeta
1290 970 1399 1013 sunt,

168 1031 269 1069 dum
286 1031 484 1070 uidentur
499 1030 657 1069 exsolui
674 1044 792 1079 posse
808 1046 816 1077 3
848 1029 919 1067 ubi
936 1029 1115 1067 multum
1134 1032 1401 1075 anteuenere,

114 1108 148 1141 15
168 1108 243 1143 pro
264 1093 403 1142 gratia
423 1092 565 1131 odium
586 1092 790 1131 redditur.

247 1157 311 1199 19.
369 1157 472 1195 Erat
493 1170 598 1194 uxor
620 1155 722 1195 Silio
745 1154 863 1193 Sosia
889 1154 1024 1202 Galla,
1045 1154 1220 1193 caritate
1247 1154 1400 1203 Agrip-

168 1221 291 1270 pinae
311 1221 447 1259 inuisa
473 1219 663 1269 principi.
718 1219 793 1258 hos
820 1219 970 1268 corripi
1000 1219 1130 1258 dilato
1157 1220 1210 1258 ad
1238 1223 1401 1268 tempus

171 1284 329 1323 Sabino
377 1284 591 1332 placitum,
638 1283 914 1331 inmissusque
961 1282 1098 1321 Varro
1136 1284 1292 1332 consul,
1330 1282 1401 1332 qui

170 1354 367 1398 paternas
398 1347 636 1386 inimicitias
664 1346 897 1386 obtendens
925 1346 1030 1384 odiis
1060 1347 1200 1385 Seiani
1230 1361 1303 1396 per
1331 1346 1401 1385 de-

133 1413 295 1459 5decus
333 1427 453 1450 suum
491 1411 824 1459 gratificabatur.
885 1414 1083 1459 precante
1120 1424 1190 1449 reo
1228 1410 1400 1449 breuem

169 1490 340 1524 moram,
361 1475 461 1513 dum
491 1478 710 1513 accusator
731 1473 951 1512 consulatu
978 1473 1126 1522 abiret,
1151 1473 1400 1512 aduersatus

169 1544 231 1578 est
277 1538 450 1585 Caesar3
508 1537 675 1575 solitum
722 1536 875 1586 quippe
927 1537 1244 1585 magistratibus
1290 1536 1400 1576 diem

168 1601 344 1650 priuatis
363 1600 501 1640 dicere
513 1617 523 1648 3
553 1614 628 1639 nec
648 1599 965 1647 infringendum
985 1600 1166 1638 consulis
1187 1599 1263 1647 ius,
1284 1599 1401 1638 cuius

169 1663 324 1712 uigiliis
350 1663 567 1711 niteretur,
594 1677 645 1700 ne
672 1662 783 1710 quod
808 1676 874 1701 res
903 1662 1073 1711 publica
1101 1662 1401 1701 detrimentum

113 1748 150 1770 10
169 1730 348 1775 caperet.
418 1725 632 1774 proprium
669 1724 712 1763 id
750 1725 915 1764 Tiberio
955 1725 1037 1763 fuit
1075 1724 1231 1763 scelera
1268 1738 1400 1773 nuper

168 1793 334 1838 reperta
371 1787 516 1836 priscis
551 1787 690 1826 uerbis
723 1787 935 1836 obtegere.
991 1787 1121 1836 igitur
1159 1787 1291 1825 multa
1328 1786 1400 1825 ad-

169 1851 441 1899 seueratione,
462 1850 581 1898 quasi
601 1854 675 1888 aut
691 1850 856 1897 legibus
871 1864 965 1888 cum
988 1850 1089 1889 Silio
1110 1854 1308 1898 ageretur
1326 1854 1400 1888 aut

168 1916 305 1954 Varro
335 1914 478 1954 consul
507 1918 581 1952 aut
609 1913 714 1952 illud
744 1928 809 1952 res
838 1914 1007 1962 publica
1035 1918 1155 1962 esset,
1190 1917 1400 1962 coguntur

168 1983 319 2028 patres.
363 1978 510 2016 silente
526 1992 609 2026 reo,
628 1977 706 2025 uel,
724 1977 755 2015 si
772 1977 1057 2016 defensionem
1072 1980 1298 2026 coeptaret,
1314 1990 1398 2015 non

114 2060 148 2093 15
167 2042 406 2081 occultante
444 2041 561 2079 cuius
597 2040 661 2079 ira
697 2045 968 2089 premeretur,
1003 2040 1258 2079 conscientia
1297 2039 1399 2079 belli

170 2106 365 2147 Sacrouir
403 2106 473 2144 diu
513 2105 810 2152 dissimulatus,
848 2105 1027 2143 uictoria
1064 2118 1138 2153 per
1175 2103 1398 2142 auaritiam
