1464 2384
147 108 198 146 20
509 107 783 148 CORNELII
822 108 1015 148 TACITI

147 200 396 257 habebatur,
417 214 593 249 mortem
619 210 662 248 in
689 224 731 249 se
750 210 980 249 festinauit.
1036 214 1081 249 at
1100 214 1247 249 contra
1266 223 1373 257 reuS,

145 272 248 311 nihil
262 273 443 312 infracto
456 273 607 321 animo,
621 274 822 312 obuersus
834 273 876 312 in
890 273 1021 312 filium
1036 278 1209 322 quatere
1222 273 1374 322 uincla,

147 348 297 373 uocare
317 334 473 373 ultores
494 334 592 373 deos
608 339 654 373 ut
670 335 747 373 sibi
764 335 933 383 quidem
948 335 1174 374 redderent
1190 335 1373 384 exilium,

145 398 217 437 ubi
237 399 382 447 procul
402 399 477 437 tali
497 413 611 437 more
631 403 788 448 ageret,
809 399 940 437 filium
961 403 1101 438 autem
1122 399 1373 448 quandoque

89 472 125 504 15
146 462 349 511 supplicia
377 466 662 511 sequerentur.
719 462 1082 512 adseuerabatque
1107 464 1373 502 innocentem

145 524 377 563 Cornutum
393 528 435 563 et
448 524 558 563 falsa
573 525 820 564 exterritum
834 542 842 572 ;
863 524 988 573 idque
1004 525 1128 564 facile
1142 525 1372 574 intellectu,

144 587 177 626 si
203 587 480 636 proderentur
500 588 592 636 alii;
622 602 706 626 non
726 588 835 626 enim
857 602 899 627 se
920 582 1091 627 caedem
1112 588 1310 637 principis
1331 592 1372 627 et

143 666 208 690 res
228 666 358 690 nouas
378 666 461 690 uno
482 652 591 691 socio
612 652 829 701 cogitasse.

223 715 294 757 29.
350 716 455 754 Τ11111
499 720 718 755 accusator
762 715 835 755 Cn.
875 716 1099 754 Lentulum
1144 720 1185 755 et
1231 716 1369 755 Seium

143 779 403 818 Tuberonem
438 778 639 827 nominat,
669 792 823 827 magno
857 778 1015 827 pudore
1045 778 1246 827 Caesaris,
1276 793 1370 817 011111

143 842 343 890 primores
389 841 584 889 ciuitatis,
631 841 768 879 intimi
813 841 941 890 ipsius
987 842 1122 889 amici,
1167 842 1370 881 Lentulus

142 905 368 944 senectutis
394 909 620 953 extremae,
641 905 806 943 Tubero
826 905 992 944 defecto
1013 919 1197 954 corpore,
1218 906 1370 944 tumul-

105 976 120 1009 5
141 973 208 1007 tus
234 968 396 1007 hostilis
423 972 464 1006 et
490 968 728 1007 turbandae
748 968 806 1006 rei
828 968 1021 1016 publicae
1041 973 1368 1007 accerserentur.

140 1033 213 1072 sed
239 1033 281 1071 hi
309 1033 476 1082 quidem
505 1033 646 1071 statim
674 1033 879 1081 exempti:
909 1032 951 1071 in
979 1037 1141 1081 patrem
1167 1047 1219 1071 ex
1240 1033 1369 1072 seruis

139 1097 387 1146 quaesitum,
408 1101 450 1136 et
476 1097 664 1145 quaestio
691 1096 869 1135 aduersa
896 1096 1129 1135 accusatori
1150 1095 1241 1134 fuit.
1298 1097 1367 1145 qui

139 1162 294 1200 scelere
321 1174 476 1209 uecors,
498 1160 619 1199 simul
647 1160 762 1208 uulgi
789 1174 954 1198 rumore
974 1160 1157 1207 territus,
1179 1160 1307 1199 robur
1326 1165 1368 1199 et

139 1238 286 1262 saxum
313 1228 387 1262 aut
413 1223 719 1273 parricidarum
746 1238 900 1272 poenas
927 1223 1225 1272 minitantium,
1245 1224 1368 1263 cessit

84 1296 121 1317 10
138 1288 253 1326 urbe.
310 1301 359 1325 ac
391 1291 599 1326 retractus
629 1287 833 1325 Rauenna
861 1287 1031 1335 exsequi
1060 1287 1367 1326 accusationem

138 1351 336 1399 adigitur,
358 1366 439 1389 11011
467 1351 704 1389 occultante
731 1350 896 1389 Tiberio
918 1354 1038 1389 uetus
1057 1350 1197 1389 odium
1219 1350 1367 1389 aduer-

138 1429 227 1453 sum
244 1415 408 1453 exulem
427 1415 640 1453 Serenum.
680 1428 775 1452 nam
793 1418 885 1462 post
901 1414 1146 1452 damnatum
1163 1414 1365 1453 Libonem

137 1478 271 1516 missis
314 1477 367 1515 ad
413 1476 633 1516 Caesarem
679 1477 828 1515 litteris
872 1477 1203 1525 exprobrauerat
1246 1492 1364 1516 suum

138 1546 303 1580 tantum
347 1541 530 1579 studium
576 1541 662 1579 sine
703 1540 843 1579 fructu
883 1541 1021 1590 fuisse,
1060 1541 1364 1591 addideratque

83 1619 117 1652 15
137 1606 344 1655 quaedam
396 1605 682 1643 contumacius
727 1619 852 1653 quam
899 1609 1037 1643 tutum
1084 1605 1197 1654 apud
1243 1620 1365 1644 aures

138 1669 339 1718 superbas
377 1672 418 1706 et
455 1668 673 1706 offensioni
713 1668 938 1717 proniores.
995 1682 1044 1707 ea
1081 1668 1235 1707 Caesar
1272 1673 1364 1707 octo

138 1737 231 1782 post
259 1745 391 1770 annos
419 1730 595 1779 rettulit,
623 1730 805 1769 medium
836 1736 998 1780 tempus
1029 1731 1142 1770 narie
1171 1746 1364 1780 arguens,

138 1796 264 1835 etiam
321 1795 351 1833 si
408 1798 615 1833 tormenta
670 1795 903 1843 peruicacia
955 1809 1169 1834 seruorum
1220 1801 1365 1835 contra

138 1857 386 1897 euenissent.

216 1920 286 1962 30,
344 1920 477 1958 Dictis
524 1920 620 1958 dein
668 1922 885 1960 sententiis
933 1927 978 1960 ut
1026 1924 1205 1962 Serenus
1252 1939 1364 1965 more

138 1985 341 2024 maiorum
358 1984 588 2032 puniretur,
602 1998 683 2032 quo
699 1985 879 2024 molliret
891 1986 1105 2035 inuidiam,
1119 1987 1363 2028 intercessit.

138 2048 284 2087 Gallus
305 2047 475 2085 Asinius
498 2061 589 2085 011111
618 2047 759 2095 Gyaro
786 2052 859 2085 aut
887 2048 1057 2087 Donusa
1083 2050 1360 2090 claudendum

139 2116 338 2159 censeret,
367 2111 409 2149 id
443 2125 607 2159 qnoque
640 2116 887 2160 aspernatus
920 2116 993 2160 est,
1023 2127 1197 2162 egenam
1231 2129 1364 2163 aquae
