1464 2384
130 110 177 148 18
489 107 764 147 CORNELII
802 105 996 145 TACITI

127 212 414 261 praedatorias
439 225 587 249 manus
606 210 758 249 delecti
780 209 1023 248 Maurorum
1043 209 1212 248 duxere.
1267 209 1354 257 ipse

127 277 339 316 consultor
359 276 507 314 aderat
529 275 732 313 omnibus.

207 341 277 382 25.
333 340 421 378 Νο0
465 339 597 377 multo
641 342 733 387 post
770 337 963 376 adfertur
1000 337 1206 376 Numidas
1243 336 1355 385 apud

127 403 347 443 castellum
380 403 636 449 semirutum,
666 401 719 439 ab
752 401 851 449 ipsis
883 400 1095 449 quondam
1126 400 1355 448 incensum,

128 467 195 506 cui
220 480 372 505 nomen
398 466 555 513 Auzea,
576 463 721 512 positis
740 463 975 512 mapalibus
995 462 1239 511 consedisse,
1260 462 1356 500 fisos

127 531 230 578 1000,
251 529 349 577 quia
377 527 507 566 uastis
536 526 692 565 circum
721 525 897 564 saltibus
923 525 1211 564 claudebatur.
1266 528 1356 563 tum

91 600 107 631 5
129 591 350 641 expeditae
380 591 570 629 cohortes
599 589 785 637 alaeque,
817 602 943 637 quam
970 588 1014 626 in
1042 592 1203 637 partem
1232 587 1355 626 duce-

127 660 274 695 rentur
311 656 497 704 ignarae,
537 653 618 691 cito
658 652 825 701 agmine
862 653 1094 701 rapiuntur.
1151 652 1355 700 simulque

128 724 299 769 coeptus
325 718 413 756 dies
439 722 480 756 et
507 721 712 755 concentu
738 716 934 754 tubarum
964 730 1011 754 ac
1038 715 1145 754 truci
1175 715 1355 754 clamore

128 784 306 823 aderant
332 781 599 821 semisomnos
625 781 667 818 111
694 781 908 828 barbaros,
929 779 1183 828 praepeditis
1210 778 1355 817 Numi-

128 847 277 886 darum
304 846 420 895 equis
446 850 520 884 aut
546 844 732 883 diuersos
755 848 899 893 pastus
919 843 1244 892 pererrantibus.
1300 842 1353 881 ab

74 929 110 950 10
129 911 329 950 Romanis
355 909 567 949 confertus
593 908 730 957 pedes,
757 907 981 956 dispositae
1007 911 1182 954 turmae,
1202 910 1356 945 cuncta

128 974 284 1023 proelio
305 972 482 1022 prouisa.
530 971 720 1009 hostibus
740 974 886 1008 contra
906 970 1090 1008 omnium
1110 969 1257 1008 nesciis
1272 983 1356 1007 non

128 1052 257 1085 arma,
284 1051 367 1075 non
397 1035 511 1082 ordo,
537 1048 619 1072 non
649 1032 878 1081 consilium,
909 1032 980 1070 sed
1010 1046 1203 1080 pecorum
1233 1031 1356 1070 modo

129 1101 251 1149 trahi,
273 1100 417 1147 occidi,
438 1099 541 1147 capi.
597 1097 784 1135 infensus
809 1095 1146 1134 miles.memoria
1165 1095 1356 1134 laborum

129 1170 170 1205 et
208 1165 430 1204 aduersum
465 1162 681 1202 eludentes
713 1164 883 1209 optatae
916 1159 1068 1198 totiens
1101 1173 1279 1208 pugnae,
1313 1174 1355 1199 se

73 1245 107 1277 15
129 1229 302 1278 quisque
322 1227 479 1265 ultione
500 1230 541 1264 et
561 1224 764 1272 sanguine
784 1223 1023 1272 explebant.
1070 1222 1265 1262 differtur
1284 1238 1357 1272 per

129 1290 374 1339 manipulos,
401 1287 713 1327 Tacfarinatem
738 1298 891 1333 OmneS,
918 1288 1063 1322 notum
1089 1288 1152 1323 tot
1177 1285 1356 1334 proeliis,

130 1356 444 1397 consectentur3
475 1364 557 1388 11011
584 1349 661 1387 nisi
685 1348 791 1386 duce
810 1346 1032 1385 interfecto
1053 1347 1239 1396 requiem
1257 1348 1357 1387 belli

129 1416 231 1455 fore.
287 1420 330 1453 at
359 1413 428 1451 ille
457 1411 629 1450 deiectis
655 1410 812 1449 circum
838 1409 1108 1457 stipatoribus
1133 1410 1356 1459 uinctoque

130 1481 213 1519 iam
239 1479 323 1517 filio
350 1483 392 1517 et
418 1476 559 1515 effusis
588 1474 770 1523 undique
799 1473 1009 1521 Romanis,
1030 1474 1189 1513 ruendo
1209 1474 1251 1512 in
1273 1475 1357 1514 tela

72 1559 111 1580 20
131 1543 421 1593 captiuitatem
447 1539 562 1578 haud
588 1538 723 1576 inulta
750 1541 882 1575 morte
908 1536 1069 1585 effugit.
1125 1537 1241 1586 isque
1264 1539 1357 1577 finis

131 1607 257 1646 armis
276 1604 504 1654 impositus.

210 1672 280 1712 26.
338 1667 583 1707 Dolabellae
618 1664 777 1714 petenti
811 1663 960 1702 abnuit
993 1663 1265 1712 triumphalia
1293 1665 1358 1703 Ti-

131 1734 284 1781 berius,
306 1731 457 1771 Seiano
484 1729 685 1775 tribuens,
705 1741 758 1765 ne
784 1726 923 1764 Blaesi
942 1725 1141 1764 auunculi
1160 1727 1248 1765 eius
1266 1727 1358 1766 laus

132 1797 419 1837 obsolesceret.
476 1791 548 1830 sed
578 1804 710 1838 neque
741 1789 914 1827 Blaesus
941 1788 1034 1827 ideo
1062 1788 1288 1839 inlustrior,
1317 1796 1359 1830 et

132 1861 228 1899 huic
248 1862 427 1906 negatus
446 1856 579 1894 honor
599 1853 776 1902 gloriam
794 1851 977 1890 intendit
989 1869 997 1898 ;
1027 1852 1180 1901 quippe
1200 1853 1358 1893 minore

94 1939 110 1971 5
131 1922 318 1963 exercitu
354 1920 539 1967 insignes
577 1916 777 1966 captiuos,
815 1914 984 1954 caedem
1022 1914 1139 1953 ducis
1176 1916 1357 1965 bellique

131 1985 311 2026 confecti
342 1984 500 2022 famam
533 1981 787 2030 deportarat.
843 1977 1125 2027 sequebantur
1158 1983 1200 2017 et
1228 1979 1358 2021 Gara-

133 2054 321 2090 mantum
348 2046 490 2095 legati,
519 2059 612 2083 raro
640 2044 680 2082 in
711 2044 814 2082 urbe
843 2042 933 2090 uisi,
960 2056 1062 2091 quos
1091 2043 1357 2086 Tacfarinate

132 2128 251 2153 caeso
295 2110 485 2161 perculsa
529 2122 643 2156 gem,
682 2106 753 2145 sed
797 2105 944 2154 culpae
987 2105 1127 2144 nescia
1163 2107 1217 2145 ad
1256 2109 1356 2148 satis
