1464 2384
73 468 89 500 5

54 792 92 814 ῙΟ

57 1104 93 1137 15

60 1808 97 1830 10

61 2121 96 2152 15

108 101 157 139 26
469 100 744 140 CORNELII
782 101 977 141 TACITI

187 202 257 244 36.
314 201 510 241 Ceterum
556 202 820 251 postulandis
865 203 947 242 reis
990 208 1076 242 tam
1119 204 1344 243 continuus

108 279 243 303 annus
261 264 343 303 fuit
364 270 409 303 ut
428 265 630 304 feriarum
651 266 901 305 Latinarum
917 267 1065 307 diebus
1081 267 1342 317 praefectum

109 328 225 367 urbis
245 329 442 376 Drusum,
459 329 706 377 auspicandi
727 330 867 378 gratia
887 331 1074 370 tribunal
1094 332 1343 380 ingressum,

109 391 261 430 adierit
299 391 552 439 Calpurnius
591 391 816 431 Saluianus
848 393 891 431 in
926 393 1101 433 Sextum
1136 394 1342 441 Marium;

109 455 221 503 quod
249 470 273 493 a
302 455 480 494 Caesare
510 455 649 503 palam
677 456 929 505 increpitum
957 470 1083 495 causa
1113 457 1225 495 exilii
1254 456 1344 496 Sal-

109 519 234 557 uiano
258 518 352 556 fuit.
408 518 572 557 obiecta
598 519 764 567 publice
792 519 1008 568 Cyzicenis
1031 520 1193 558 incuria
1214 520 1344 559 caeri-

108 582 343 620 moniarum
363 581 449 620 diui
470 582 666 630 Augusti,
682 582 838 621 additis
852 583 1077 622 uiolentiae
1097 583 1342 622 criminibus

109 645 334 683 aduersum
377 644 488 683 ciues
532 645 754 684 Romanos.
811 650 852 684 et
889 646 1063 685 amisere
1101 647 1341 685 libertatem

109 722 236 757 quam
268 708 377 747 bello
407 707 667 746 Mithridatis
695 713 949 757 meruerant,
979 709 1238 748 circumsessi
1267 724 1343 749 nec

110 774 246 811 minus
272 788 346 811 sua
371 773 609 811 constantia
636 787 761 821 quam
792 774 1001 822 praesidio
1031 775 1195 813 Luculli
1224 774 1343 823 pulso

110 850 221 885 rege.
277 840 321 874 at
354 836 554 874 Fonteius
587 835 749 885 Capito,
783 837 854 884 qui
887 851 961 885 pro
995 837 1164 876 consule
1198 837 1342 875 Asiam

111 903 346 947 curauerat,
367 899 613 946 absoluitur‚
635 904 834 947 conperto
861 899 959 938 ficta
984 899 1027 938 in
1051 914 1145 938 eum
1170 899 1345 938 crimina

112 978 185 1013 per
203 963 377 1002 Vibium
395 962 611 1001 Serenum.
667 977 803 1011 neque
818 967 959 1002 tamen
975 963 1018 1001 id
1036 964 1192 1003 Sereno
1208 977 1344 1002 noxae

111 1028 205 1077 fuit,
225 1041 350 1076 quem
370 1027 512 1065 odium
532 1027 747 1075 publicum
768 1027 965 1065 tutiorem
984 1027 1181 1066 faciebat.
1234 1041 1345 1075 nam,

113 1096 159 1129 ut
178 1091 271 1139 quis
291 1090 530 1129 destrictior
544 1094 775 1138 accusator,
792 1090 909 1129 uelut
926 1095 1216 1129 sacrosanctus
1232 1094 1323 1129 erat
1339 1107 1346 1129 z

112 1155 237 1201 leues,
256 1153 463 1201 ignobiles
483 1154 626 1202 poenis
646 1153 966 1192 adliciebantur.

192 1219 262 1259 37.
320 1216 400 1255 Per
419 1216 529 1255 idem
550 1220 715 1265 tempus
732 1216 938 1265 Hispania
955 1216 1128 1255 ulterior
1143 1216 1276 1255 missis
1291 1216 1346 1255 ad

113 1285 304 1320 senatum
329 1280 483 1329 legatis
509 1280 647 1319 orauit
672 1284 720 1318 ut
745 1280 936 1328 exemplo
966 1280 1093 1318 Asiae
1123 1279 1345 1318 delubrum

113 1344 279 1383 Tiberio
321 1344 530 1392 matrique
575 1343 663 1382 eius
706 1347 954 1382 exstrueret.
1010 1358 1092 1392 qua
1130 1343 1347 1382 occasione

114 1407 280 1457 Caesar,
328 1408 493 1446 ualidus
538 1407 693 1456 alioqui
740 1407 985 1456 spernendis
1030 1408 1260 1446 honoribus
1305 1412 1347 1446 et

113 1471 447 1520 respondendum
476 1476 592 1509 ratus
616 1471 678 1519 iis,
699 1485 875 1519 quorum
900 1485 1067 1510 rumore
1087 1471 1348 1520 arguebatur

113 1535 157 1572 in
203 1534 475 1572 ambitionem
520 1533 695 1582 flexisse,
740 1534 912 1572 huiusce
958 1533 1071 1572 modi
1117 1533 1347 1572 orationem

114 1597 271 1646 coepit:
312 1595 320 1611 ‘
337 1597 444 1645 Scio,
471 1601 612 1645 patres
639 1597 877 1645 conscripti,
905 1596 1185 1635 constantiam
1211 1610 1348 1635 meam

114 1675 139 1699 a
155 1660 363 1709 plerisque
379 1659 674 1708 desideratam,
688 1659 801 1708 quod
816 1659 943 1698 Asiae
959 1659 1202 1698 ciuitatibus
1215 1673 1350 1708 nuper

114 1724 225 1763 idem
251 1723 364 1762 istud
390 1722 632 1771 petentibus
657 1736 741 1761 non
767 1722 844 1761 sim
868 1722 1128 1761 aduersatus.
1184 1736 1285 1770 ergo
1306 1726 1349 1761 et

114 1787 263 1837 prioris
307 1787 461 1826 silentii
505 1786 803 1836 defensionem,
843 1791 884 1825 et
927 1786 1029 1835 quid
1071 1787 1113 1824 in
1157 1786 1348 1825 futurum

115 1850 346 1898 statuerim,
367 1850 489 1888 simul
515 1850 712 1898 aperiam.
769 1864 864 1888 cum
888 1849 1011 1888 diuus
1030 1850 1250 1898 Augustus
1270 1850 1351 1888 sibi

115 1919 242 1963 atque
279 1914 375 1952 urbi
405 1914 562 1952 Romae
592 1913 794 1962 templum
827 1913 939 1962 apud
974 1914 1227 1963 Pergamum
1261 1914 1351 1952 sisti

116 1993 196 2017 non
226 1977 519 2027 prohibuisset,
540 1977 611 2026 qui
639 1977 778 2016 omnia
796 1977 913 2016 facta
933 1977 1129 2025 dictaque
1150 1977 1237 2016 eius
1258 1977 1349 2016 uice

116 2042 221 2090 legis
249 2041 481 2089 obseruem,
508 2040 709 2089 placitum
738 2040 821 2079 iam
851 2040 1088 2089 exemplum
1118 2040 1350 2089 promptius

117 2110 283 2144 secutus
327 2119 429 2153 sum,
468 2104 566 2152 quia
610 2104 742 2142 cultui
786 2118 877 2142 meo
920 2104 1137 2142 ueneratio
1180 2108 1350 2142 senatus
