1464 2384
148 93 198 130 50
507 92 781 132 CORNELII
818 92 1012 132 TACITI

147 197 265 232 artae
292 193 502 232 amicitiae
527 192 677 232 fecere.
733 208 782 232 ac
808 193 891 232 iam
917 193 1028 232 ultro
1051 192 1232 232 Sabinus
1251 205 1375 240 quae-

147 271 237 295 rere
265 257 489 305 Latiarem,
511 257 719 296 uentitare
746 257 927 305 domum,
949 257 1111 295 dolores
1137 270 1231 294 suos
1257 255 1374 304 quasi

90 333 126 365 25
148 321 201 359 ad
222 321 466 359 fidissimum
487 320 664 359 deferre.

227 384 294 426 69.
351 384 602 423 Consultant
635 398 737 432 quos
769 384 1010 432 memoraui,
1039 397 1221 432 quonam
1252 381 1375 420 modo

148 461 196 485 ea
222 447 403 495 plurium
424 447 571 485 auditu
592 447 894 496 acciperentur.
949 461 1047 485 nam
1066 446 1169 494 loco,
1189 445 1232 483 in
1252 459 1375 493 quem

148 509 351 558 coibatur,
372 509 580 548 seruanda
601 509 836 548 solitudinis
854 509 1007 553 facies3
1035 512 1077 547 et
1097 508 1129 546 si
1144 522 1250 557 pone
1266 507 1376 546 fores

147 572 411 621 adsisterent,
449 577 585 612 metus
629 573 754 621 uisus,
793 572 952 611 sonitus
996 576 1069 611 aut
1111 572 1221 611 forte
1259 575 1375 610 ortae

111 647 127 679 5
147 635 391 684 suspicionis
434 639 536 674 erat.
605 639 763 674 tectum
806 636 918 675 inter
961 640 1002 675 et
1038 635 1254 684 laquearia
1290 638 1376 673 tres

147 703 370 747 senatores,
387 698 502 736 haud
521 698 658 736 minus
673 699 787 747 turpi
802 699 967 738 latebra
983 714 1109 747 quam
1124 697 1375 737 detestanda

145 762 308 810 fraude,
329 776 416 801 sese
443 761 711 811 abstrudunt,
732 762 1009 801 foraminibus
1033 766 1074 800 et
1097 761 1211 800 rimis
1231 774 1375 799 aurem

146 826 385 864 admouent.
440 825 602 864 interea
649 826 830 864 Latiaris
872 830 1084 874 repertum
1127 825 1171 863 in
1207 824 1375 873 publico

147 889 364 936 Sabinum,
397 888 515 927 uelut
543 902 687 927 recens
716 888 887 937 cognita
915 892 1176 936 narraturus,
1205 887 1374 926 domum

90 963 127 984 10
146 956 188 990 et
215 951 258 989 in
288 950 526 989 cubiculum
558 950 711 995 trahit;
749 951 1061 1000 praeteritaque
1090 954 1132 989 et
1159 950 1374 998 instantia,

145 1029 322 1063 quorum
355 1013 533 1052 adfatim
567 1014 697 1063 copia,
728 1028 776 1053 ac
809 1028 940 1053 nouos
968 1019 1147 1053 terrores
1176 1013 1374 1052 cumulat.

145 1079 290 1118 eadem
318 1078 388 1117 ille
414 1082 456 1116 et
482 1077 651 1127 diutius,
672 1083 830 1127 quanto
850 1082 1022 1126 maesta,
1043 1078 1115 1116 ubi
1136 1078 1261 1116 semel
1282 1091 1375 1126 pro-

145 1158 307 1193 rupere,
328 1142 537 1181 difficilius
558 1143 798 1182 reticentur.
847 1147 1070 1192 properata
1090 1142 1187 1181 inde
1207 1156 1375 1180 accusa-

145 1209 216 1257 tio,
243 1207 460 1255 missisque
487 1206 539 1244 ad
569 1206 789 1246 Caesarem
820 1207 970 1246 litteris
998 1207 1186 1245 ordinem
1214 1206 1376 1244 fraudis

90 1289 125 1321 15
146 1285 348 1320 suumque
377 1270 454 1319 ipsi
484 1270 665 1309 dedecus
693 1285 933 1310 narrauere.
997 1285 1079 1309 non
1110 1270 1213 1308 alias
1241 1269 1375 1318 magis

145 1335 272 1375 anxia
298 1339 339 1374 et
365 1347 523 1383 pauens
546 1333 707 1382 ciuitas,
728 1338 875 1382 tegens
899 1333 1122 1372 aduersum
1143 1332 1375 1382 proximos3

146 1413 407 1448 congressus,
429 1397 664 1446 conloquia,
688 1402 813 1437 notae
834 1398 1088 1446 ignotaeque
1108 1411 1229 1436 aures
1249 1396 1374 1434 uitari

144 1462 271 1500 etiam
304 1464 422 1499 muta
450 1463 576 1507 atque
605 1459 803 1507 inanima,
833 1464 991 1498 tectum
1020 1464 1061 1498 et
1089 1459 1268 1508 parietes
1297 1458 1374 1497 cir-

144 1522 554 1572 cumspectabantur.

222 1587 293 1629 70.
342 1586 425 1625 Sed
446 1585 599 1625 Caesar
619 1585 835 1625 sollemnia
854 1586 1091 1635 incipientis
1111 1584 1209 1624 anni
1229 1584 1374 1623 kalen-

145 1649 208 1687 dis
241 1648 451 1687 Ianuariis
482 1647 661 1695 epistula
689 1652 897 1696 precatus,
927 1648 1055 1687 uertit
1083 1647 1125 1685 in
1157 1648 1373 1696 Sabinum,

144 1716 361 1760 corruptos
381 1710 583 1759 quosdam
604 1710 851 1749 libertorum
871 1715 913 1749 et
929 1711 1105 1759 petitum
1121 1724 1163 1749 se
1179 1725 1373 1760 arguens,

144 1775 427 1823 ultionemque
448 1773 561 1812 haud
582 1774 757 1812 obscure
776 1774 986 1822 poscebat.
1040 1788 1115 1812 nec
1136 1788 1252 1812 mora
1272 1774 1372 1822 quin

108 1855 125 1886 5
145 1837 462 1882 decerneretur3
516 1842 558 1875 et
601 1837 852 1876 trahebatur
895 1837 1131 1885 damnatus,
1168 1842 1373 1886 quantum

144 1901 328 1940 obducta
366 1905 480 1939 ueste
519 1905 560 1939 et
598 1901 810 1939 adstrictis
847 1901 1041 1940 faucibus
1080 1901 1157 1939 niti
1194 1906 1371 1950 poterat,

144 1964 364 2004 clamitans
392 1964 449 2002 sic
478 1964 665 2002 incohari
695 1978 864 2012 annum,
893 1965 969 2003 has
1000 1964 1151 2003 Seiano
1180 1965 1372 2004 uictimas

144 2029 304 2068 cadere.
360 2042 441 2077 quo
474 2028 723 2067 intendisset
756 2029 907 2077 oculos,
937 2043 1018 2077 quo
1051 2029 1182 2068 uerba
1211 2029 1370 2068 accide-

143 2096 249 2139 rent,
276 2091 380 2139 fuga
406 2091 593 2139 uastitas,
620 2091 753 2130 deseri
780 2092 944 2141 itinera,
970 2092 1074 2130 fora.
1130 2096 1172 2130 et
1200 2092 1370 2140 quidam
