1464 2384
140 97 191 135 40
503 95 777 135 CORNELII
815 93 1009 134 TACITI

105 217 121 249 5
142 197 302 236 uiribus
331 197 533 236 diuersae.
589 211 723 245 neque
752 197 931 235 multum
960 194 1163 234 distantia
1190 193 1301 232 inter
1327 207 1368 231 se

142 260 432 299 memorabant
452 260 503 299 de
524 265 735 299 uetustate
756 260 933 308 generis,
951 258 1088 297 studio
1108 258 1151 296 in
1171 257 1370 306 populum

143 324 379 363 Romanum
405 338 479 373 per
503 324 615 363 bella
642 324 756 362 Persi
784 328 825 362 et
854 322 1083 362 Aristonici
1112 321 1371 368 aliorumque

142 403 302 438 regum.
358 402 505 427 uerum
534 387 786 437 Hypaepeni
813 387 1097 435 Trallianique
1124 384 1372 423 Laodicenis

144 466 192 491 ac
218 452 491 501 Magnetibus
520 451 642 490 simul
671 451 852 490 tramissi
881 455 928 489 ut
953 464 1102 499 parum
1128 447 1282 496 ualidi3
1320 461 1372 486 ne

89 532 126 554 10
144 515 317 554 Ilienses
337 515 517 563 quidem,
540 529 633 553 cum
654 518 872 563 parentem
892 513 1008 552 urbis
1029 513 1187 551 Romae
1208 510 1373 549 Troiam

143 578 362 626 referrent,
383 577 461 615 nisi
481 577 748 625 antiquitatis
768 577 903 625 gloria
923 576 1150 625 pollebant.
1202 573 1374 622 paulum

144 642 454 690 addubitatum,
489 641 600 689 qnod
634 640 917 679 Halicarnasii
951 640 1064 679 mille
1098 645 1139 679 et
1173 640 1376 679 ducentos

146 719 219 753 per
252 719 383 743 annos
416 704 530 742 nullo
564 709 679 743 motu
714 709 851 743 terrae
885 704 1100 742 nutauisse
1134 704 1251 743 sedes
1281 715 1376 741 suas

147 767 327 815 uinoque
352 767 395 804 in
422 780 523 805 saxo
542 766 823 805 fundamenta
842 766 987 815 templi
1008 766 1375 805 adseuerauerant.

92 848 126 880 15
148 830 431 879 Pergamenos
460 830 526 876 (eo
552 829 640 878 ipso
669 829 934 876 nitebantur)
965 829 1068 868 aede
1093 830 1289 878 Augusto
1317 828 1376 867 ibi

148 893 228 932 sita
257 893 358 932 satis
386 893 560 941 adeptos
586 893 805 932 creditum.
862 893 1032 941 Ephesii
1059 893 1307 941 Milesiique,
1333 892 1378 930 hi

147 957 368 1005 Apollinis,
381 956 441 994 illi
456 957 616 995 Dianae
631 956 883 995 caerimonia
899 956 1168 1004 occupauisse
1183 956 1377 995 ciuitates

148 1021 239 1059 uisi.
285 1020 345 1058 ita
363 1019 590 1059 Sardianos
604 1020 715 1058 inter
731 1019 1069 1068 Zmyrnaeosque
1085 1019 1378 1058 deliberatum.

151 1083 345 1123 Sardiani
384 1082 599 1121 decretum
633 1082 827 1121 Etruriae
861 1082 1092 1121 recitauere
1126 1086 1172 1120 ut
1205 1095 1378 1120 consan-

91 1169 132 1190 20
151 1147 291 1196 guinei
304 1164 313 1195 ;
365 1160 463 1185 nam
509 1145 775 1194 Tyrrhenum
823 1145 1072 1194 Lydumque
1118 1146 1233 1194 Atye
1278 1158 1378 1193 rege

151 1211 314 1260 genitos
343 1211 395 1249 ob
424 1209 737 1248 multitudinem
767 1209 954 1248 diuisisse
982 1214 1172 1258 gentem;
1212 1208 1378 1258 Lydum

151 1275 298 1323 patriis
324 1274 366 1312 in
393 1274 514 1313 terris
543 1273 755 1320 resedisse,
776 1272 995 1321 Tyrrheno
1016 1272 1161 1311 datum
1182 1286 1313 1310 nouas
1334 1276 1380 1310 ut

151 1338 350 1377 conderet
364 1337 481 1376 sedes
487 1355 496 1386 3
519 1342 560 1376 et
573 1337 726 1375 ducum
741 1350 762 1374 e
775 1335 1012 1374 nominibus
1025 1335 1159 1374 indita
1172 1334 1380 1373 uocabula

150 1402 232 1440 illis
270 1416 343 1450 per
381 1401 539 1449 Asiam,
576 1400 640 1438 his
677 1399 720 1437 in
759 1399 906 1446 Italia;
953 1403 1202 1447 auctamque
1240 1397 1379 1436 adhuc

94 1478 133 1510 25
153 1464 368 1514 Lydorum
405 1464 662 1513 opulentiam
700 1462 834 1500 missis
870 1462 913 1500 in
951 1461 1171 1500 Graeciam
1204 1461 1379 1510 populis,

153 1529 219 1567 cui
234 1543 331 1567 mox
347 1543 371 1567 a
388 1529 541 1577 Pelope
557 1541 720 1566 nomen.
768 1526 889 1565 simul
906 1525 1067 1564 litteras
1080 1526 1380 1574 imperatorum

153 1596 194 1631 et
231 1592 315 1630 icta
348 1592 565 1631 nobiscum
598 1590 769 1630 foedera
802 1589 912 1628 bello
947 1588 1226 1628 Macedonum
1260 1588 1382 1627 uber-

153 1659 366 1704 tatemque
387 1655 604 1693 fluminum
625 1667 805 1701 suorum,
822 1652 1066 1701 temperiem
1085 1652 1189 1691 caeli
1209 1666 1258 1690 ac
1275 1651 1382 1690 dites

154 1718 311 1757 circum
330 1722 465 1757 terras
483 1717 787 1756 memorabant.

235 1782 305 1823 56.
343 1781 403 1819 At
419 1780 643 1829 Zmyrnaei
659 1779 841 1828 repetita
857 1782 1080 1826 uetustate,
1094 1791 1166 1816 seu
1180 1777 1383 1816 Tantalus

156 1845 257 1883 Ioue
287 1848 402 1883 ortus
430 1843 534 1892 illos,
562 1843 647 1881 siue
677 1842 860 1880 Theseus
888 1840 1032 1878 diuina
1058 1844 1100 1879 et
1127 1840 1213 1888 ipse
1243 1840 1383 1888 stirpe,

157 1907 244 1946 siue
270 1920 354 1945 una
375 1907 637 1944 Amazonum
658 1903 923 1951 condidisset,
944 1903 1241 1942 transcendere
1260 1902 1315 1941 ad
1336 1916 1384 1941 ea

158 1970 250 2019 quis
270 1970 449 2008 maxime
471 1969 671 2015 fidebant,
691 1967 734 2006 in
754 1967 953 2016 populum
974 1967 1209 2005 Romanum
1229 1966 1385 2015 officiis,

121 2049 138 2080 5
158 2034 283 2073 missa
309 2033 451 2072 nauali
477 2032 596 2081 copia
622 2045 705 2070 non
731 2030 853 2068 modo
880 2034 1055 2068 externa
1081 2029 1135 2068 ad
1161 2030 1284 2078 bella,
1312 2029 1385 2068 sed

160 2112 266 2147 quae
292 2098 335 2136 in
362 2097 488 2135 Italia
514 2096 827 2142 tolerabantur3
857 2107 981 2142 seque
1007 2094 1161 2142 primos
1184 2093 1386 2142 templum
