1464 2384
118 97 168 136 42
478 101 753 143 CORNELII
789 103 983 145 TACITI

120 199 208 238 eius
245 202 485 250 accepisset.
546 218 643 242 nam
682 204 953 244 dubitauerat
990 206 1209 255 Augustus
1246 205 1347 245 Ger-

120 263 344 313 manicum,
371 267 521 305 sororis
549 272 742 316 nepotem
771 273 813 307 et
841 270 1002 308 cunctis
1030 269 1261 317 laudatum,
1287 267 1348 307 rei

63 336 103 357 20
122 322 336 363 Romanae
374 325 607 375 imponere;
655 328 727 366 sed
770 329 964 377 precibus
1008 328 1148 367 uxoris
1188 328 1350 366 euictus

121 386 286 426 Tiberio
313 388 621 439 Germanicum,
642 391 721 430 sibi
744 392 957 431 Tiberium
977 392 1167 431 adsciuit.
1222 391 1349 440 idque

122 450 318 499 Augusta
337 453 634 502 exprobrabat,
654 456 913 504 reposcebat.

202 515 270 556 58.
328 516 536 556 Profectio
565 522 657 557 arto
684 519 886 557 comitatu
911 519 1015 558 fuit:
1049 533 1157 557 unus
1183 521 1350 557 senator

123 579 343 618 consulatu
363 580 545 630 functus,
561 581 757 621 Cocceius
777 583 933 631 Nerua,
950 583 1016 621 cui
1031 583 1173 631 legum
1188 581 1350 631 peritia,

124 655 249 689 eques
269 642 482 681 Romanus
502 649 668 693 praeter
690 645 887 684 Seianum
908 659 959 684 ex
978 645 1225 684 inlustribus
1249 643 1351 683 Cur-

124 705 206 743 tius
226 706 407 755 Atticus,
428 708 555 747 ceteri
575 708 820 747 liberalibus
841 708 988 748 studiis
1008 708 1200 757 praediti,
1220 707 1351 746 ferme

89 782 104 814 5
126 767 287 817 Graeci,
334 784 511 818 quorum
558 772 817 810 sermonibus
862 772 1088 811 leuaretur.
1157 771 1353 810 ferebant

125 831 248 879 periti
294 833 535 871 caelestium
582 833 631 872 iis
677 834 859 873 motibus
906 834 1088 874 siderum
1131 834 1354 874 excessisse

127 893 261 932 Roma
301 894 525 944 Tiberium,
565 900 611 934 ut
651 896 812 935 reditus
850 897 911 935 illi
949 901 1188 945 negaretur.
1243 895 1354 934 unde

127 956 243 994 exitii
277 971 404 996 causa
431 958 573 996 multis
600 958 683 997 fuit
711 974 935 1009 properum
964 961 1089 999 finem
1118 960 1230 998 uitae
1259 973 1355 998 con-

126 1019 381 1057 iectantibus
421 1020 801 1070 uulgantibusque3
848 1036 983 1071 neque
1024 1022 1135 1061 enim
1172 1026 1259 1060 tam
1295 1021 1358 1059 in-

72 1095 111 1117 10
128 1083 370 1122 credibilem
391 1097 532 1121 casum
553 1084 845 1133 prouidebant,
860 1089 906 1123 ut
926 1084 1120 1124 undecim
1136 1099 1210 1133 per
1225 1097 1357 1122 annos

128 1146 262 1185 libens
290 1146 428 1195 patria
457 1151 630 1186 careret.
686 1161 783 1186 mox
812 1147 950 1196 patuit
976 1148 1105 1186 breue
1131 1146 1357 1186 confinium

129 1209 231 1248 artis
268 1213 310 1247 et
347 1209 455 1258 falsi,
491 1224 672 1259 ueraque
710 1225 837 1259 quam
874 1210 1062 1249 obscuris
1098 1213 1356 1259 tegerentur.

130 1287 227 1311 nam
250 1272 293 1310 in
318 1273 463 1311 urbem
488 1288 570 1311 non
595 1287 883 1322 regressurum
906 1273 1020 1311 haud
1042 1273 1151 1312 forte
1176 1272 1358 1311 dictum:

131 1340 365 1374 ceterorum
406 1336 533 1374 nescii
575 1350 710 1385 egere,
749 1350 843 1374 cum
880 1336 1113 1385 propinquo
1150 1350 1247 1374 rure
1284 1338 1358 1373 aut

77 1398 252 1445 15litore
294 1402 336 1437 et
376 1412 499 1447 saepe
540 1399 704 1437 moenia
742 1399 856 1437 urbis
894 1399 1091 1438 adsidens
1127 1402 1359 1437 extremam

132 1465 343 1500 senectam
373 1461 657 1509 compleuerit.

212 1525 282 1567 59,
338 1525 402 1562 Ac
453 1525 563 1563 forte
613 1524 694 1562 illis
748 1524 894 1563 diebus
947 1525 1136 1563 oblatum
1192 1524 1361 1563 Caesari

133 1602 286 1637 anceps
318 1587 549 1636 periculum
581 1588 700 1626 auxit
729 1602 840 1626 uana
870 1588 1047 1626 rumoris
1084 1587 1361 1637 praebuitque

133 1651 211 1700 ipsi
248 1651 465 1690 materiem
496 1665 570 1689 cur
599 1651 808 1690 amicitiae
842 1650 1186 1699 constantiaeque
1221 1649 1363 1689 Seiani

133 1715 269 1763 magis
295 1715 456 1754 fideret.
513 1715 794 1753 uescebantur
821 1715 865 1753 in
890 1714 992 1752 uilla
1020 1714 1086 1753 cui
1112 1713 1364 1752 uocabulum

99 1792 115 1823 5
138 1778 384 1827 Speluncae,
423 1792 537 1816 mare
577 1778 888 1816 Amunclanum
920 1777 1030 1816 inter
1063 1781 1104 1816 et
1137 1776 1365 1815 Fundanos

134 1844 308 1889 montes,
329 1840 474 1880 natiuo
493 1841 536 1879 in
557 1854 694 1889 specu,
742 1840 829 1879 eius
849 1854 893 1878 os
912 1840 1039 1889 lapsis
1057 1843 1230 1889 repente
1251 1839 1364 1878 saxis

135 1903 276 1943 obruit
301 1903 503 1952 quosdam
528 1903 762 1951 ministros,
801 1903 899 1942 hinc
925 1907 1061 1942 metus
1086 1902 1129 1940 in
1155 1916 1297 1941 omnes
1324 1906 1366 1941 et

134 1966 239 2015 fuga
276 1979 419 2004 eorum
456 1966 527 2014 qui
565 1966 805 2004 conuiuium
843 1965 1130 2004 celebrabant.
1188 1964 1366 2004 Seianus

136 2044 248 2079 genu
268 2029 472 2077 uultuque
492 2033 534 2068 et
554 2029 748 2067 manibus
764 2043 888 2077 super
904 2028 1127 2068 Caesarem
1143 2041 1366 2076 suspensus

84 2111 121 2132 10
138 2093 330 2143 opposuit
350 2107 438 2132 sese
458 2093 754 2139 incidentibus,
770 2097 897 2141 atque
916 2092 1063 2131 habitu
1086 2092 1160 2130 tali
1176 2095 1366 2140 repertus
