1464 2384
234 133 312 172 AB
349 131 607 171 EXofflssv
648 130 901 170 AVG-VSTJ
944 130 1019 168 IV.
1059 130 1214 168 alc—48
1295 129 1345 166 35

111 235 383 284 compositum
428 234 510 272 iam
555 247 629 282 per
666 231 885 280 angustias
923 231 1118 269 saltumn.
1174 230 1344 279 quidam

113 297 335 337 audentius
368 296 524 345 apertis
556 295 600 333 in
633 294 810 333 collibus
839 294 1098 342 uisebantur,
1127 307 1231 341 quos
1259 293 1347 331 dux

115 362 328 401 Romanus
360 359 448 398 acie
478 371 725 406 suggressus
753 357 868 395 haud
897 371 1023 405 aegre
1052 357 1224 406 pepulit,
1254 371 1347 395 san-

113 425 240 474 guine
276 423 555 462 barbarorum
593 420 758 459 modico
792 420 845 459 ob
879 420 1116 469 propinqua
1150 420 1347 468 suffugia.

115 502 212 527 mox
232 480 379 525 castris
398 485 441 523 in
460 485 550 523 loco
571 483 837 523 communitis
857 483 1000 522 ualida
1020 498 1147 522 manu
1163 487 1348 521 montem

116 553 305 598 occupat,
322 552 548 596 angustum
570 552 611 586 et
631 547 795 596 aequali
817 547 939 585 dorso
956 547 1201 585 continuum
1218 561 1348 595 usque

117 613 172 651 ad
194 612 429 661 proximum
449 611 680 659 castellum,
701 610 813 659 quod
833 625 989 659 magna
1008 610 1072 648 uis
1092 614 1256 649 armata
1275 615 1349 649 aut

115 674 332 713 incondita
357 673 568 712 tuebatur.
625 673 747 711 simul
773 673 816 711 in
841 672 1131 721 ferocissimos,
1153 673 1223 721 qui
1250 677 1349 711 ante

117 738 275 776 uallum
318 751 432 775 more
474 736 611 784 gentis
649 750 743 775 cum
781 736 1037 775 carminibus
1075 740 1117 775 et
1154 736 1350 785 tripudiis

117 800 421 850 persultabant,
441 799 572 838 mittit
596 799 780 838 delectos
804 799 1133 848 sagittariorum.
1188 799 1228 847 ii,
1250 798 1350 838 dum

118 865 279 904 eminus
295 864 611 913 grassabantur,
628 863 777 902 crebra
793 867 834 902 et
849 863 986 901 inulta
1002 863 1179 901 uulnera
1194 862 1331 902 fecere
1340 881 1350 912 ;

118 927 287 977 propius
330 927 572 966 incedentes
616 927 834 975 eruptione
879 926 1018 965 subita
1056 925 1217 964 turbati
1254 930 1352 964 sunt

118 991 358 1040 receptique
388 990 572 1029 subsidio
603 990 866 1039 Sugambrae
895 990 1089 1038 cohortis,
1117 1004 1243 1038 quam
1272 989 1352 1028 Ro-

118 1069 267 1093 manus
300 1058 536 1103 promptam
570 1053 624 1092 ad
657 1053 843 1102 pericula
877 1067 952 1092 nec
986 1053 1123 1092 minus
1151 1056 1351 1092 cantuum

118 1121 161 1156 et
180 1130 391 1155 armorum
410 1116 594 1154 tumultu
614 1120 775 1154 trucem
790 1115 905 1154 haud
921 1115 1065 1165 procul
1080 1115 1351 1154 instruxerat.

197 1180 269 1222 48.
325 1179 549 1218 Translata
593 1179 745 1218 dehinc
788 1183 928 1218 castra
969 1179 1130 1217 hostem
1168 1182 1351 1227 propter,

119 1244 275 1283 relictis
312 1243 426 1292 apud
464 1243 603 1292 priora
640 1243 902 1282 munimenta
940 1243 1211 1290 Thraecibus,
1249 1256 1352 1290 quos

121 1307 241 1346 nobis
262 1307 446 1345 adfuisse
466 1307 707 1346 memoraui.
754 1307 885 1356 iisque
906 1307 1151 1357 permissum
1172 1310 1351 1354 uastare,

121 1385 254 1419 urere,
284 1371 451 1410 trahere
485 1371 676 1420 praedas,
706 1371 806 1410 dum
835 1372 1049 1421 populatio
1077 1372 1213 1411 lucem
1241 1372 1353 1410 intra

119 1434 336 1472 sisteretur
373 1437 621 1482 noctemque
658 1434 701 1472 in
739 1435 886 1473 castris
923 1439 1060 1473 tutam
1097 1438 1139 1473 et
1181 1434 1352 1483 uigilem

120 1501 397 1545 capesserent.
443 1496 486 1534 id
503 1497 635 1545 primo
649 1502 884 1545 seruatum3
914 1511 1011 1536 mox
1027 1496 1137 1536 uersi
1151 1497 1193 1535 in
1206 1497 1353 1535 luxum

121 1565 163 1599 et
175 1560 307 1609 raptis
320 1560 508 1609 opulenti
521 1561 713 1600 omittere
727 1560 1122 1609 stationes,lasciuia
1134 1561 1353 1609 epularum

121 1628 196 1663 aut
211 1637 354 1662 somno
370 1628 411 1662 et
427 1623 525 1662 uino
541 1624 828 1672 procumbere.
877 1623 1008 1672 igitur
1023 1623 1176 1672 hostes,
1191 1623 1354 1662 incuria

122 1702 264 1727 eorum
292 1692 504 1736 conperta,
526 1688 608 1726 duo
635 1688 806 1737 agmina
831 1692 996 1736 parant,
1017 1702 1195 1736 quorum
1220 1687 1354 1726 altero

122 1750 388 1799 populatores
424 1750 740 1799 inuaderentur‚
773 1751 844 1789 alii
883 1755 1023 1790 castra
1060 1751 1250 1789 Romana
1283 1750 1355 1789 ad-

122 1817 374 1862 pugnarent,
402 1827 486 1852 non
518 1828 589 1862 spe
622 1814 827 1863 capiendi,
858 1814 931 1853 sed
965 1819 1011 1852 ut
1040 1814 1233 1862 clamore,
1261 1813 1355 1852 telis

121 1890 194 1914 suo
214 1875 389 1924 quisque
409 1876 593 1924 periculo
613 1876 800 1915 intentus
816 1891 1005 1916 sonorem
1021 1877 1193 1916 alterius
1209 1876 1355 1925 proelii

121 1952 206 1976 non
225 1937 444 1986 acciperet.
496 1939 697 1978 tenebrae
717 1939 888 1988 insuper
909 1939 1099 1978 delectae
1115 1939 1355 1988 augendam

121 2002 176 2040 ad
188 2001 467 2041 formidinem.
507 2003 580 2041 sed
592 2003 664 2051 qui
677 2004 835 2042 uallum
849 2004 1062 2052 legionum
1076 2004 1355 2052 temptabant,

120 2066 244 2104 facile
258 2066 474 2114 pelluntur
486 2084 495 2115 ;
534 2067 769 2107 Thraecum
782 2069 941 2107 auxilia
955 2069 1172 2117 repentino
1185 2068 1355 2106 incursu

121 2128 280 2177 territa,
318 2142 413 2167 cum
451 2143 549 2177 pars
586 2130 889 2170 munitionibus
926 2131 1182 2179 adiacerent,
1216 2131 1357 2180 plures

1176 2207 1263 2238 3—2

1371 497 1409 518 10

1373 813 1408 845 15

1372 1127 1412 1149 20

1374 1444 1390 1477 5

1378 1770 1415 1791 10

1380 2081 1415 2114 15
