1464 2384
117 92 168 131 38
479 91 755 131 CORNELII
792 92 986 132 TACITI

60 209 99 230 20
117 193 290 241 castelli,
328 193 401 231 ubi
445 193 617 232 tandem
655 197 802 232 coacta
839 193 1009 233 deditio.
1077 198 1119 233 et
1156 194 1346 243 proxima

117 261 263 305 sponte
300 257 531 295 incolarum
569 261 759 305 recepta:
807 257 987 306 reliquis,
1021 272 1102 306 quo
1135 259 1271 297 minus
1304 258 1346 296 ui

117 324 191 358 aut
217 320 376 359 obsidio
402 320 710 369 subigerentur,
732 325 1001 369 praematura
1020 322 1172 360 montis
1192 321 1345 360 Haemi

118 387 160 422 et
179 397 305 422 saeua
324 383 485 432 hiemps
505 383 713 422 subuenit.

198 448 268 490 52.
323 448 383 486 Ab
427 447 596 496 Romae,
634 451 841 486 commota
884 447 1083 496 principis
1127 447 1262 496 domo,
1300 451 1347 486 ut

118 510 244 549 series
268 510 401 549 futuri
427 511 469 549 in
498 511 778 559 Agrippinam
798 510 915 549 exitii
933 510 1148 560 inciperet,
1169 510 1347 550 Claudia

119 572 301 612 Pulchra
327 573 495 612 sobrina
521 573 607 611 eius
633 573 882 622 postulatur,
910 576 1135 612 accusante
1162 573 1345 612 Domitio

117 636 236 675 Afro.
290 636 325 675 is
362 650 506 675 recens
543 641 753 685 praetura,
787 636 975 675 modicus
1012 636 1270 685 dignationis
1304 640 1346 676 et

83 714 99 746 5
118 713 283 747 quoquo
307 699 495 738 facinore
521 713 721 747 properus
745 699 985 747 clarescere,
1007 699 1163 738 crimen
1183 699 1347 748 inpudi-

117 762 252 811 citiae,
281 762 521 801 adulterum
553 762 768 810 Furnium,
798 762 1001 800 ueneficia
1034 762 1077 800 111
1109 762 1341 811 principem

119 830 161 864 et
189 825 433 864 deuotiones
462 825 714 864 obiectabat.
762 824 999 873 Agrippina
1026 838 1187 873 semper
1212 829 1347 872 atrox,

119 894 210 927 tum
242 893 284 928 et
307 889 501 938 ‚periculo
530 889 787 938 propinquae
817 902 1006 937 accensa,
1036 889 1174 937 pergit
1201 888 1255 927 ad
1283 888 1348 926 Ti-

119 952 282 991 berium
315 966 364 990 ac
397 951 507 990 forte
541 951 849 990 sacrificantem
877 951 988 1000 patri
1016 951 1212 1000 repperit.
1267 965 1349 1000 quo

66 1029 102 1051 10
119 1015 239 1054 initio
258 1014 442 1053 inuidiae
462 1029 545 1053 non
562 1014 747 1053 eiusdem
763 1015 823 1053 ait
838 1018 1024 1053 mactare
1040 1014 1138 1053 diuo
1154 1014 1349 1062 Augusto

121 1077 314 1117 uictimas
342 1082 384 1116 et
412 1081 598 1126 posteros
628 1077 715 1115 eius
744 1077 953 1116 insectari.
1009 1091 1092 1115 non
1120 1077 1163 1115 in
1193 1076 1351 1125 effigies

120 1147 259 1181 mutas
291 1141 481 1180 diuinum
513 1141 705 1190 spiritum
734 1141 1015 1189 transfusum3
1054 1155 1096 1180 se
1124 1141 1351 1190 imaginem

122 1219 277 1253 ueram,
291 1204 461 1243 caelesti
473 1204 676 1252 sanguine
693 1208 840 1251 ortam,
853 1204 1098 1252 intellegere
1115 1203 1350 1251 discrimen,

122 1268 330 1316 suscipere
362 1267 515 1306 sordes.
570 1267 731 1305 frustra
760 1267 986 1306 Pulchram
1014 1267 1255 1316 praescribi,
1285 1267 1351 1306 cui

69 1341 103 1374 15
124 1329 211 1367 sola
234 1328 351 1367 exitii
371 1342 498 1366 causa
517 1328 581 1376 sit,
603 1327 715 1376 quod
736 1328 1017 1376 Agrippinam
1038 1329 1165 1367 stulte
1185 1343 1354 1377 prorsus

123 1391 178 1430 ad
199 1392 357 1430 cultum
374 1391 590 1439 delegerit,
608 1391 739 1429 oblita
756 1390 898 1430 Sosiae
914 1391 967 1429 ob
984 1391 1129 1430 eadem
1145 1391 1353 1430 adflictae.

125 1455 270 1494 audita
297 1455 401 1493 haec
430 1469 570 1492 raram
599 1454 752 1492 occulti
782 1454 962 1503 pectoris
990 1468 1136 1492 uocem
1162 1454 1354 1503 elicuere,

125 1523 442 1568 correptamque
463 1518 624 1557 Graeco
645 1531 767 1555 uersu
788 1517 1007 1555 admonuit
1026 1531 1108 1555 non
1124 1516 1217 1555 ideo
1232 1517 1355 1565 laedi,

125 1583 224 1632 quia
250 1596 334 1621 non
352 1585 562 1630 regnaret.
620 1580 802 1619 Pulchra
826 1585 868 1619 et
887 1580 1068 1618 Furnius
1088 1579 1356 1618 damnantur.

68 1662 109 1684 20
126 1645 234 1684 Afer
252 1644 504 1694 primoribus
524 1648 737 1682 oratorum
753 1643 936 1692 additus,
953 1643 1173 1692 diuulgato
1188 1642 1357 1692 ingenio

127 1713 169 1748 et
195 1712 338 1747 secuta
363 1707 682 1746 adseueratione
703 1706 905 1755 Caesaris,
926 1720 1009 1755 qua
1029 1720 1101 1744 suo
1120 1705 1209 1744 iure
1230 1705 1358 1744 diser-

128 1777 218 1812 tum
234 1786 329 1811 eum
344 1771 586 1821 appellauit.
631 1785 728 1809 mox
743 1769 1009 1819 capessendis
1021 1768 1359 1808 accusationibus

129 1840 203 1876 aut
214 1850 306 1875 reos
317 1835 495 1874 tutando
511 1834 769 1884 prosperiore
782 1833 1045 1882 eloquentiae
1059 1846 1184 1881 quam
1198 1846 1358 1884 morum

128 1899 243 1938 fama
274 1899 369 1948 fuit,
398 1898 477 1937 nisi
510 1898 621 1947 quod
655 1901 772 1936 aetas
806 1901 995 1936 extrema
1024 1896 1203 1934 multum
1232 1895 1358 1934 etiam

74 1980 111 2012 25
130 1961 393 2012 eloquentiae
413 1961 605 2011 dempsit,
624 1961 724 2000 dum
743 1960 854 2000 fessa
873 1964 1013 1999 mente
1033 1959 1186 1998 retinet
1206 1958 1360 1998 silentii

132 2025 439 2075 inpatientiam.

214 2087 282 2130 53.
329 2088 389 2126 At
404 2087 642 2136 Agrippina
654 2085 854 2135 peruicax
866 2085 953 2124 irae
967 2089 1008 2124 et
1020 2085 1165 2124 morbo
1179 2083 1363 2133 corporis
