<?xml version="1.0" encoding="UTF-8"?>
<!DOCTYPE html PUBLIC "-//W3C//DTD XHTML 1.0 Transitional//EN"
    "http://www.w3.org/TR/xhtml1/DTD/xhtml1-transitional.dtd">
<html xmlns="http://www.w3.org/1999/xhtml" xml:lang="en" lang="en">
 <head>
  <title>
</title>
<meta http-equiv="Content-Type" content="text/html;charset=utf-8" />
  <meta name='ocr-system' content='tesseract 3.04.00' />
  <meta name='ocr-capabilities' content='ocr_page ocr_carea ocr_par ocr_line ocrx_word'/>
</head>
<body>
  <div class='ocr_page' id='page_1' title='image "annalsoftacitus00taci_0045.png"; bbox 0 0 1464 2384; ppageno 0'>
   <div class='ocr_carea' id='block_1_1' title="bbox 76 723 1301 765">
    <p class='ocr_par' dir='ltr' id='par_1_1' title="bbox 76 723 1301 765">
     <span class='ocr_line' id='line_1_1' title="bbox 76 723 1301 765; baseline -0.006 0"><span class='ocrx_word' id='word_1_1' title='bbox 76 727 385 765; x_wconf 85' lang='lat' dir='ltr'><strong>CHAP&#39;I&#39;ERS</strong></span> <span class='ocrx_word' id='word_1_2' title='bbox 430 725 636 763; x_wconf 75' lang='lat'><strong>17—33:</strong></span> <span class='ocrx_word' id='word_1_3' title='bbox 687 725 925 762; x_wconf 86' lang='lat' dir='ltr'>EVEN&#39;I&#39;S</span> <span class='ocrx_word' id='word_1_4' title='bbox 975 724 1051 761; x_wconf 85' lang='lat' dir='ltr'>OF</span> <span class='ocrx_word' id='word_1_5' title='bbox 1093 723 1154 760; x_wconf 87' lang='lat'>24</span> <span class='ocrx_word' id='word_1_6' title='bbox 1196 723 1301 759; x_wconf 92' lang='lat' dir='ltr'>A.D.</span> 
     </span>
    </p>
   </div>
   <div class='ocr_carea' id='block_1_2' title="bbox 74 870 1308 1110">
    <p class='ocr_par' dir='ltr' id='par_1_2' title="bbox 74 870 1308 1110">
     <span class='ocr_line' id='line_1_2' title="bbox 153 870 1306 921; baseline -0.004 -7"><span class='ocrx_word' id='word_1_7' title='bbox 153 874 222 917; x_wconf 80' lang='lat'>17.</span> <span class='ocrx_word' id='word_1_8' title='bbox 279 873 470 913; x_wconf 86' lang='lat' dir='ltr'>Cornelio</span> <span class='ocrx_word' id='word_1_9' title='bbox 498 872 684 921; x_wconf 83' lang='lat' dir='ltr'>Cethego</span> <span class='ocrx_word' id='word_1_10' title='bbox 708 871 884 910; x_wconf 80' lang='lat' dir='ltr'>Visellio</span> <span class='ocrx_word' id='word_1_11' title='bbox 909 871 1103 910; x_wconf 86' lang='lat' dir='ltr'>Varrone</span> <span class='ocrx_word' id='word_1_12' title='bbox 1127 870 1306 910; x_wconf 88' lang='lat' dir='ltr'>consuli-</span> 
     </span>
     <span class='ocr_line' id='line_1_3' title="bbox 74 934 1306 985; baseline -0.002 -10"><span class='ocrx_word' id='word_1_13' title='bbox 74 937 152 975; x_wconf 89' lang='lat' dir='ltr'>bus</span> <span class='ocrx_word' id='word_1_14' title='bbox 180 937 397 985; x_wconf 84' lang='lat' dir='ltr'>pontifices</span> <span class='ocrx_word' id='word_1_15' title='bbox 424 950 650 984; x_wconf 85' lang='lat' dir='ltr'>eorumque</span> <span class='ocrx_word' id='word_1_16' title='bbox 680 936 872 984; x_wconf 85' lang='lat' dir='ltr'>exemplo</span> <span class='ocrx_word' id='word_1_17' title='bbox 900 936 1027 974; x_wconf 86' lang='lat' dir='ltr'>ceteri</span> <span class='ocrx_word' id='word_1_18' title='bbox 1057 934 1306 982; x_wconf 84' lang='lat' dir='ltr'>sacerdoteS,</span> 
     </span>
     <span class='ocr_line' id='line_1_4' title="bbox 76 997 1307 1048; baseline -0.002 -10"><span class='ocrx_word' id='word_1_19' title='bbox 76 1014 169 1038; x_wconf 88' lang='lat' dir='ltr'>cum</span> <span class='ocrx_word' id='word_1_20' title='bbox 206 1014 280 1048; x_wconf 83' lang='lat' dir='ltr'>pro</span> <span class='ocrx_word' id='word_1_21' title='bbox 318 999 604 1038; x_wconf 69' lang='lat' dir='ltr'>incolumitate</span> <span class='ocrx_word' id='word_1_22' title='bbox 649 998 848 1047; x_wconf 81' lang='lat' dir='ltr'>principis</span> <span class='ocrx_word' id='word_1_23' title='bbox 892 1002 991 1036; x_wconf 86' lang='lat' dir='ltr'>uota</span> <span class='ocrx_word' id='word_1_24' title='bbox 1035 997 1307 1046; x_wconf 70' lang='lat' dir='ltr'>susciperent,</span> 
     </span>
     <span class='ocr_line' id='line_1_5' title="bbox 75 1060 1308 1110; baseline -0.002 -10"><span class='ocrx_word' id='word_1_25' title='bbox 75 1062 286 1101; x_wconf 82' lang='lat' dir='ltr'>Neronem</span> <span class='ocrx_word' id='word_1_26' title='bbox 295 1076 460 1110; x_wconf 85' lang='lat' dir='ltr'>quoque</span> <span class='ocrx_word' id='word_1_27' title='bbox 474 1066 515 1100; x_wconf 89' lang='lat' dir='ltr'>et</span> <span class='ocrx_word' id='word_1_28' title='bbox 528 1062 712 1100; x_wconf 83' lang='lat' dir='ltr'>Drusum</span> <span class='ocrx_word' id='word_1_29' title='bbox 725 1061 855 1099; x_wconf 73' lang='lat' dir='ltr'>isdem</span> <span class='ocrx_word' id='word_1_30' title='bbox 870 1061 933 1099; x_wconf 81' lang='lat' dir='ltr'>dis</span> <span class='ocrx_word' id='word_1_31' title='bbox 946 1060 1308 1108; x_wconf 85' lang='lat' dir='ltr'>oommendauere,</span> 
     </span>
    </p>
   </div>
   <div class='ocr_carea' id='block_1_3' title="bbox 75 1123 1345 1172">
    <p class='ocr_par' dir='ltr' id='par_1_3' title="bbox 75 1123 1345 1172">
     <span class='ocr_line' id='line_1_6' title="bbox 75 1123 1345 1172; baseline -0.001 -10"><span class='ocrx_word' id='word_1_32' title='bbox 75 1138 158 1163; x_wconf 88' lang='lat' dir='ltr'>non</span> <span class='ocrx_word' id='word_1_33' title='bbox 192 1128 279 1162; x_wconf 88' lang='lat' dir='ltr'>tam</span> <span class='ocrx_word' id='word_1_34' title='bbox 312 1124 488 1163; x_wconf 84' lang='lat' dir='ltr'>caritate</span> <span class='ocrx_word' id='word_1_35' title='bbox 522 1124 720 1163; x_wconf 87' lang='lat' dir='ltr'>iuuenum</span> <span class='ocrx_word' id='word_1_36' title='bbox 752 1138 877 1172; x_wconf 81' lang='lat' dir='ltr'>quain</span> <span class='ocrx_word' id='word_1_37' title='bbox 912 1123 1166 1171; x_wconf 75' lang='lat' dir='ltr'>adulatione,</span> <span class='ocrx_word' id='word_1_38' title='bbox 1201 1136 1308 1171; x_wconf 86' lang='lat' dir='ltr'>quae</span> <span class='ocrx_word' id='word_1_39' title='bbox 1329 1133 1345 1165; x_wconf 89' lang='grc'>5</span> 
     </span>
    </p>
   </div>
   <div class='ocr_carea' id='block_1_4' title="bbox 76 1186 1319 2058">
    <p class='ocr_par' dir='ltr' id='par_1_4' title="bbox 76 1186 1319 2058">
     <span class='ocr_line' id='line_1_7' title="bbox 76 1186 1309 1236; baseline -0.001 -11"><span class='ocrx_word' id='word_1_40' title='bbox 76 1187 261 1226; x_wconf 80' lang='lat' dir='ltr'>moribus</span> <span class='ocrx_word' id='word_1_41' title='bbox 293 1187 500 1236; x_wconf 73' lang='lat' dir='ltr'>corruptis</span> <span class='ocrx_word' id='word_1_42' title='bbox 533 1187 707 1236; x_wconf 86' lang='lat' dir='ltr'>perinde</span> <span class='ocrx_word' id='word_1_43' title='bbox 745 1201 912 1236; x_wconf 79' lang='lat' dir='ltr'>anceps,</span> <span class='ocrx_word' id='word_1_44' title='bbox 947 1187 980 1225; x_wconf 86' lang='lat' dir='ltr'>si</span> <span class='ocrx_word' id='word_1_45' title='bbox 1012 1187 1129 1226; x_wconf 90' lang='lat' dir='ltr'>nulla</span> <span class='ocrx_word' id='word_1_46' title='bbox 1163 1191 1205 1226; x_wconf 84' lang='lat' dir='ltr'>et</span> <span class='ocrx_word' id='word_1_47' title='bbox 1238 1186 1309 1225; x_wconf 91' lang='lat' dir='ltr'>ubi</span> 
     </span>
     <span class='ocr_line' id='line_1_8' title="bbox 77 1250 1311 1299; baseline 0 -10"><span class='ocrx_word' id='word_1_48' title='bbox 77 1250 206 1289; x_wconf 89' lang='lat' dir='ltr'>nimia</span> <span class='ocrx_word' id='word_1_49' title='bbox 252 1255 324 1289; x_wconf 87' lang='lat' dir='ltr'>est.</span> <span class='ocrx_word' id='word_1_50' title='bbox 398 1265 496 1289; x_wconf 90' lang='lat' dir='ltr'>nam</span> <span class='ocrx_word' id='word_1_51' title='bbox 533 1250 723 1289; x_wconf 82' lang='lat' dir='ltr'>Tiberius</span> <span class='ocrx_word' id='word_1_52' title='bbox 761 1251 875 1289; x_wconf 88' lang='lat' dir='ltr'>haud</span> <span class='ocrx_word' id='word_1_53' title='bbox 923 1265 1121 1299; x_wconf 86' lang='lat' dir='ltr'>umquam</span> <span class='ocrx_word' id='word_1_54' title='bbox 1169 1250 1311 1289; x_wconf 88' lang='lat' dir='ltr'>domui</span> 
     </span>
     <span class='ocr_line' id='line_1_9' title="bbox 78 1312 1311 1362; baseline 0.001 -11"><span class='ocrx_word' id='word_1_55' title='bbox 78 1312 316 1352; x_wconf 85' lang='lat' dir='ltr'>Germanici</span> <span class='ocrx_word' id='word_1_56' title='bbox 358 1313 482 1362; x_wconf 87' lang='lat' dir='ltr'>mit-is,</span> <span class='ocrx_word' id='word_1_57' title='bbox 525 1318 612 1351; x_wconf 88' lang='lat' dir='ltr'>tum</span> <span class='ocrx_word' id='word_1_58' title='bbox 659 1328 758 1352; x_wconf 87' lang='lat' dir='ltr'>uero</span> <span class='ocrx_word' id='word_1_59' title='bbox 802 1313 974 1362; x_wconf 89' lang='lat' dir='ltr'>aequari</span> <span class='ocrx_word' id='word_1_60' title='bbox 1021 1313 1311 1352; x_wconf 77' lang='lat' dir='ltr'>adulescentes</span> 
     </span>
     <span class='ocr_line' id='line_1_10' title="bbox 79 1377 1311 1426; baseline 0 -11"><span class='ocrx_word' id='word_1_61' title='bbox 79 1381 272 1415; x_wconf 74' lang='lat' dir='ltr'>senectae</span> <span class='ocrx_word' id='word_1_62' title='bbox 292 1391 390 1415; x_wconf 84' lang='lat' dir='ltr'>suae</span> <span class='ocrx_word' id='word_1_63' title='bbox 410 1377 666 1425; x_wconf 85' lang='lat' dir='ltr'>inpatienter</span> <span class='ocrx_word' id='word_1_64' title='bbox 685 1377 887 1425; x_wconf 86' lang='lat' dir='ltr'>indoluit;</span> <span class='ocrx_word' id='word_1_65' title='bbox 919 1378 1156 1426; x_wconf 71' lang='lat' dir='ltr'>accitosque</span> <span class='ocrx_word' id='word_1_66' title='bbox 1176 1377 1311 1426; x_wconf 87' lang='lat' dir='ltr'>ponti-</span> 
     </span>
     <span class='ocr_line' id='line_1_11' title="bbox 78 1440 1311 1490; baseline 0.002 -13"><span class='ocrx_word' id='word_1_67' title='bbox 78 1440 176 1479; x_wconf 86' lang='lat' dir='ltr'>fices</span> <span class='ocrx_word' id='word_1_68' title='bbox 209 1445 478 1489; x_wconf 70' lang='lat' dir='ltr'>percontatus</span> <span class='ocrx_word' id='word_1_69' title='bbox 509 1445 571 1479; x_wconf 89' lang='lat' dir='ltr'>est</span> <span class='ocrx_word' id='word_1_70' title='bbox 608 1455 708 1479; x_wconf 91' lang='lat' dir='ltr'>num</span> <span class='ocrx_word' id='word_1_71' title='bbox 745 1441 788 1479; x_wconf 89' lang='lat' dir='ltr'>id</span> <span class='ocrx_word' id='word_1_72' title='bbox 822 1442 1015 1490; x_wconf 86' lang='lat' dir='ltr'>precibus</span> <span class='ocrx_word' id='word_1_73' title='bbox 1048 1441 1311 1490; x_wconf 83' lang='lat' dir='ltr'>Agrippinae</span> 
     </span>
     <span class='ocr_line' id='line_1_12' title="bbox 80 1503 1313 1553; baseline 0.002 -13"><span class='ocrx_word' id='word_1_74' title='bbox 80 1507 153 1541; x_wconf 89' lang='lat' dir='ltr'>aut</span> <span class='ocrx_word' id='word_1_75' title='bbox 187 1503 309 1541; x_wconf 88' lang='lat' dir='ltr'>minis</span> <span class='ocrx_word' id='word_1_76' title='bbox 347 1503 604 1542; x_wconf 83' lang='lat' dir='ltr'>tribuissent.</span> <span class='ocrx_word' id='word_1_77' title='bbox 661 1508 702 1542; x_wconf 86' lang='lat' dir='ltr'>et</span> <span class='ocrx_word' id='word_1_78' title='bbox 739 1504 799 1542; x_wconf 88' lang='lat' dir='ltr'>illi</span> <span class='ocrx_word' id='word_1_79' title='bbox 837 1505 1018 1553; x_wconf 86' lang='lat' dir='ltr'>quidem,</span> <span class='ocrx_word' id='word_1_80' title='bbox 1057 1519 1313 1553; x_wconf 86' lang='lat' dir='ltr'>quamquam</span> 
     </span>
     <span class='ocr_line' id='line_1_13' title="bbox 81 1567 1313 1617; baseline 0.001 -12"><span class='ocrx_word' id='word_1_81' title='bbox 81 1567 327 1616; x_wconf 86' lang='lat' dir='ltr'>abnuerent,</span> <span class='ocrx_word' id='word_1_82' title='bbox 357 1567 519 1606; x_wconf 86' lang='lat' dir='ltr'>modice</span> <span class='ocrx_word' id='word_1_83' title='bbox 557 1568 791 1616; x_wconf 82' lang='lat' dir='ltr'>perstricti3</span> <span class='ocrx_word' id='word_1_84' title='bbox 832 1569 987 1607; x_wconf 85' lang='lat' dir='ltr'>etenim</span> <span class='ocrx_word' id='word_1_85' title='bbox 1025 1582 1122 1617; x_wconf 89' lang='lat' dir='ltr'>pars</span> <span class='ocrx_word' id='word_1_86' title='bbox 1158 1582 1313 1617; x_wconf 84' lang='lat' dir='ltr'>magna</span> 
     </span>
     <span class='ocr_line' id='line_1_14' title="bbox 82 1630 1314 1680; baseline 0 -11"><span class='ocrx_word' id='word_1_87' title='bbox 82 1644 103 1669; x_wconf 89' lang='lat' dir='ltr'>e</span> <span class='ocrx_word' id='word_1_88' title='bbox 146 1630 389 1679; x_wconf 83' lang='lat' dir='ltr'>propinquis</span> <span class='ocrx_word' id='word_1_89' title='bbox 430 1630 559 1679; x_wconf 89' lang='lat' dir='ltr'>ipsius</span> <span class='ocrx_word' id='word_1_90' title='bbox 598 1635 672 1669; x_wconf 88' lang='lat' dir='ltr'>aut</span> <span class='ocrx_word' id='word_1_91' title='bbox 714 1631 915 1680; x_wconf 87' lang='lat' dir='ltr'>primores</span> <span class='ocrx_word' id='word_1_92' title='bbox 954 1632 1139 1670; x_wconf 85' lang='lat' dir='ltr'>ciuitatis</span> <span class='ocrx_word' id='word_1_93' title='bbox 1180 1635 1314 1670; x_wconf 86' lang='lat' dir='ltr'>erant.</span> 
     </span>
     <span class='ocr_line' id='line_1_15' title="bbox 83 1692 1315 1742; baseline 0.001 -12"><span class='ocrx_word' id='word_1_94' title='bbox 83 1696 269 1731; x_wconf 86' lang='lat' dir='ltr'>ceterum</span> <span class='ocrx_word' id='word_1_95' title='bbox 294 1692 337 1730; x_wconf 93' lang='lat' dir='ltr'>in</span> <span class='ocrx_word' id='word_1_96' title='bbox 364 1698 513 1731; x_wconf 87' lang='lat' dir='ltr'>senatu</span> <span class='ocrx_word' id='word_1_97' title='bbox 539 1693 728 1732; x_wconf 86' lang='lat' dir='ltr'>oratione</span> <span class='ocrx_word' id='word_1_98' title='bbox 752 1694 913 1732; x_wconf 89' lang='lat' dir='ltr'>monuit</span> <span class='ocrx_word' id='word_1_99' title='bbox 943 1694 986 1732; x_wconf 85' lang='lat' dir='ltr'>in</span> <span class='ocrx_word' id='word_1_100' title='bbox 1012 1698 1236 1742; x_wconf 84' lang='lat' dir='ltr'>posterum,</span> <span class='ocrx_word' id='word_1_101' title='bbox 1263 1707 1315 1731; x_wconf 88' lang='lat' dir='ltr'>ne</span> 
     </span>
     <span class='ocr_line' id='line_1_16' title="bbox 81 1755 1316 1806; baseline 0 -12"><span class='ocrx_word' id='word_1_102' title='bbox 81 1756 172 1804; x_wconf 81' lang='lat' dir='ltr'>quis</span> <span class='ocrx_word' id='word_1_103' title='bbox 218 1755 391 1795; x_wconf 86' lang='lat' dir='ltr'>mobiles</span> <span class='ocrx_word' id='word_1_104' title='bbox 437 1756 769 1796; x_wconf 86' lang='lat' dir='ltr'>adulescentium</span> <span class='ocrx_word' id='word_1_105' title='bbox 821 1757 981 1796; x_wconf 87' lang='lat' dir='ltr'>animos</span> <span class='ocrx_word' id='word_1_106' title='bbox 1036 1757 1316 1806; x_wconf 83' lang='lat' dir='ltr'>praematuris</span> 
     </span>
     <span class='ocr_line' id='line_1_17' title="bbox 85 1818 1317 1868; baseline 0.001 -12"><span class='ocrx_word' id='word_1_107' title='bbox 85 1818 314 1857; x_wconf 87' lang='lat' dir='ltr'>honoribus</span> <span class='ocrx_word' id='word_1_108' title='bbox 334 1818 388 1857; x_wconf 88' lang='lat' dir='ltr'>ad</span> <span class='ocrx_word' id='word_1_109' title='bbox 409 1819 647 1868; x_wconf 85' lang='lat' dir='ltr'>superbiam</span> <span class='ocrx_word' id='word_1_110' title='bbox 668 1819 901 1858; x_wconf 78' lang='lat' dir='ltr'>extolleret.</span> <span class='ocrx_word' id='word_1_111' title='bbox 957 1820 1144 1859; x_wconf 89' lang='lat' dir='ltr'>instabat</span> <span class='ocrx_word' id='word_1_112' title='bbox 1163 1819 1317 1868; x_wconf 86' lang='lat' dir='ltr'>quippe</span> 
     </span>
     <span class='ocr_line' id='line_1_18' title="bbox 89 1881 1317 1930; baseline 0.002 -11"><span class='ocrx_word' id='word_1_113' title='bbox 89 1881 266 1920; x_wconf 85' lang='lat' dir='ltr'>Seianus</span> <span class='ocrx_word' id='word_1_114' title='bbox 299 1881 604 1930; x_wconf 84' lang='lat' dir='ltr'>incusabatque</span> <span class='ocrx_word' id='word_1_115' title='bbox 633 1882 849 1921; x_wconf 86' lang='lat' dir='ltr'>diductam</span> <span class='ocrx_word' id='word_1_116' title='bbox 879 1882 1095 1922; x_wconf 83' lang='lat' dir='ltr'>ciuitatem</span> <span class='ocrx_word' id='word_1_117' title='bbox 1124 1886 1171 1920; x_wconf 89' lang='lat' dir='ltr'>ut</span> <span class='ocrx_word' id='word_1_118' title='bbox 1205 1882 1317 1921; x_wconf 83' lang='lat' dir='ltr'>ciuili</span> 
     </span>
     <span class='ocr_line' id='line_1_19' title="bbox 83 1943 1318 1997; baseline 0.003 -15"><span class='ocrx_word' id='word_1_119' title='bbox 83 1943 216 1992; x_wconf 88' lang='lat' dir='ltr'>bello;</span> <span class='ocrx_word' id='word_1_120' title='bbox 245 1958 333 1983; x_wconf 89' lang='lat' dir='ltr'>esse</span> <span class='ocrx_word' id='word_1_121' title='bbox 353 1944 424 1993; x_wconf 85' lang='lat' dir='ltr'>qui</span> <span class='ocrx_word' id='word_1_122' title='bbox 444 1958 485 1983; x_wconf 89' lang='lat' dir='ltr'>se</span> <span class='ocrx_word' id='word_1_123' title='bbox 512 1945 693 1993; x_wconf 88' lang='lat' dir='ltr'>partium</span> <span class='ocrx_word' id='word_1_124' title='bbox 717 1946 979 1994; x_wconf 80' lang='lat' dir='ltr'>Agrippinae</span> <span class='ocrx_word' id='word_1_125' title='bbox 1004 1952 1168 1995; x_wconf 89' lang='lat' dir='ltr'>uocent,</span> <span class='ocrx_word' id='word_1_126' title='bbox 1194 1961 1255 1997; x_wconf 88' lang='lat' dir='ltr'>ac,</span> <span class='ocrx_word' id='word_1_127' title='bbox 1276 1947 1318 1985; x_wconf 92' lang='lat' dir='ltr'>ni</span> 
     </span>
     <span class='ocr_line' id='line_1_20' title="bbox 87 2007 1319 2058; baseline 0.002 -12"><span class='ocrx_word' id='word_1_128' title='bbox 87 2007 319 2056; x_wconf 85' lang='lat' dir='ltr'>resistatur,</span> <span class='ocrx_word' id='word_1_129' title='bbox 351 2007 441 2047; x_wconf 75' lang='lat' dir='ltr'>fore</span> <span class='ocrx_word' id='word_1_130' title='bbox 475 2008 636 2057; x_wconf 81' lang='lat' dir='ltr'>plures3</span> <span class='ocrx_word' id='word_1_131' title='bbox 677 2022 812 2056; x_wconf 86' lang='lat' dir='ltr'>neque</span> <span class='ocrx_word' id='word_1_132' title='bbox 842 2009 957 2047; x_wconf 90' lang='lat' dir='ltr'>aliud</span> <span class='ocrx_word' id='word_1_133' title='bbox 990 2010 1205 2058; x_wconf 82' lang='lat' dir='ltr'>gliscentis</span> <span class='ocrx_word' id='word_1_134' title='bbox 1238 2010 1319 2048; x_wconf 85' lang='lat' dir='ltr'>dis-</span> 
     </span>
    </p>
   </div>
   <div class='ocr_carea' id='block_1_5' title="bbox 1336 1461 1371 1483">
    <p class='ocr_par' dir='ltr' id='par_1_5' title="bbox 1336 1461 1371 1483">
     <span class='ocr_line' id='line_1_21' title="bbox 1336 1461 1371 1483; baseline 0 0"><span class='ocrx_word' id='word_1_135' title='bbox 1336 1461 1371 1483; x_wconf 87' lang='lat'>10</span> 
     </span>
    </p>
   </div>
   <div class='ocr_carea' id='block_1_6' title="bbox 1340 1775 1373 1806">
    <p class='ocr_par' dir='ltr' id='par_1_6' title="bbox 1340 1775 1373 1806">
     <span class='ocr_line' id='line_1_22' title="bbox 1340 1775 1373 1806; baseline 0 0"><span class='ocrx_word' id='word_1_136' title='bbox 1340 1775 1373 1806; x_wconf 84' lang='lat'>15</span> 
     </span>
    </p>
   </div>
   <div class='ocr_carea' id='block_1_7' title="bbox 86 2070 1380 2122">
    <p class='ocr_par' dir='ltr' id='par_1_7' title="bbox 86 2070 1380 2122">
     <span class='ocr_line' id='line_1_23' title="bbox 86 2070 1380 2122; baseline 0.005 -13"><span class='ocrx_word' id='word_1_137' title='bbox 86 2070 252 2110; x_wconf 80' lang='lat' dir='ltr'>cordiae</span> <span class='ocrx_word' id='word_1_138' title='bbox 289 2071 520 2110; x_wconf 87' lang='lat' dir='ltr'>remedium</span> <span class='ocrx_word' id='word_1_139' title='bbox 557 2087 684 2122; x_wconf 87' lang='lat' dir='ltr'>quam</span> <span class='ocrx_word' id='word_1_140' title='bbox 722 2073 754 2111; x_wconf 91' lang='lat' dir='ltr'>si</span> <span class='ocrx_word' id='word_1_141' title='bbox 794 2087 900 2112; x_wconf 84' lang='lat' dir='ltr'>unus</span> <span class='ocrx_word' id='word_1_142' title='bbox 938 2074 1098 2114; x_wconf 88' lang='lat' dir='ltr'>alterue</span> <span class='ocrx_word' id='word_1_143' title='bbox 1136 2075 1318 2114; x_wconf 81' lang='lat' dir='ltr'>maxime</span> <span class='ocrx_word' id='word_1_144' title='bbox 1340 2095 1380 2117; x_wconf 90' lang='lat'>20</span> 
     </span>
    </p>
   </div>
   <div class='ocr_carea' id='block_1_8' title="bbox 86 2134 647 2184">
    <p class='ocr_par' dir='ltr' id='par_1_8' title="bbox 86 2134 647 2184">
     <span class='ocr_line' id='line_1_24' title="bbox 86 2134 647 2184; baseline 0.004 -11"><span class='ocrx_word' id='word_1_145' title='bbox 86 2134 268 2184; x_wconf 87' lang='lat' dir='ltr'>prompti</span> <span class='ocrx_word' id='word_1_146' title='bbox 289 2135 647 2175; x_wconf 83' lang='lat' dir='ltr'>subuerterentur.</span> 
     </span>
    </p>
   </div>
  </div>
 </body>
</html>
