1464 2384
251 94 328 133 AB
366 93 623 134 EXCESSV
661 92 918 132 AVG-Vsm
956 92 1031 132 IV.
1069 90 1221 131 68—71
1305 89 1351 127 51

130 196 479 245 regrediebantur
505 195 858 242 ostentabantque
886 208 927 233 se
953 208 1131 242 rursum,
1153 192 1195 231 id
1220 192 1354 241 ipsum
1378 212 1416 235 10

130 264 343 308 pauentes,
359 258 471 308 quod
487 258 734 296 timuissent.
785 272 907 306 quem
924 257 1033 296 0111111
1050 257 1158 295 diem
1176 270 1353 295 uacuum

130 338 275 372 poena,
304 323 374 361 nbi
402 323 512 361 inter
540 336 659 360 sacra
687 325 728 360 et
759 325 868 368 uota,
895 335 976 369 (1110
1005 325 1190 368 tempore
1219 319 1357 358 uerbis

129 385 255 423 etiam
284 383 468 432 profanis
495 383 695 421 abstineri
716 397 804 421 mos
824 390 942 430 esset,
964 382 1104 420 uincla
1124 386 1165 420 et
1183 381 1357 429 laqueus

129 448 416 486 inducantur?
470 462 553 485 11011
596 446 892 495 inprudentem
936 445 1149 485 Tiberium
1192 448 1355 483 tantam

128 511 334 550 inuidiam
372 510 519 558 adisse,
554 509 625 548 sed
663 509 897 558 quaesitum
935 508 1267 556 nieditatumque
1304 521 1356 546 ne
1380 521 1416 555 15

131 573 232 622 quid
255 572 456 621 impedire
480 571 677 610 credatur
696 585 778 620 quo
798 571 935 609 minus
954 571 1053 609 110111
1072 570 1356 619 magistratus,

130 650 212 685 quo
231 635 353 674 inodo
374 635 550 674 delubra
571 638 612 673 et
632 632 795 682 altaria,
816 634 873 672 sic
894 647 1104 672 carcerem
1124 632 1356 672 recludant.

131 703 297 738 secutae
318 698 486 747 insuper
505 697 670 736 litterae
686 700 828 745 grates
843 696 1007 745 agentis
1022 696 1134 745 quod
1148 695 1357 734 hominem

129 763 340 802 infensum
367 761 428 801 rei
454 761 646 810 publicae
670 759 944 809 puniuissent‚
965 759 1129 798 adiecto
1150 758 1357 808 trepidam

130 825 208 864 sibi
254 825 397 874 uitam,
442 828 657 873 suspectas
703 823 966 862 inimicorum
1012 822 1197 871 insidias,
1241 822 1357 860 nullo
1377 836 1419 858 20

130 888 377 927 nominatim
410 887 659 936 compellato
672 904 682 935 3
729 901 864 935 neque
901 891 1043 926 tamen
1081 885 1360 924 dubitabatur

129 953 172 991 in
201 952 411 991 Neronem
441 956 483 990 et
512 950 792 999 Agrippinam
820 950 994 989 intendi.

211 1017 281 1058 71.
336 1014 392 1053 Ni
430 1014 531 1052 1111111
569 1013 827 1052 destinatum
862 1013 973 1052 foret
1011 1027 1131 1051 suum
1168 1026 1359 1061 quaeque

130 1079 173 1117 in
207 1092 363 1117 annum
393 1076 562 1125 referre,
592 1077 747 1115 aucbat
776 1077 940 1115 animus
968 1076 1104 1115 antire
1133 1076 1359 1124 statimque

130 1155 360 1181 memorare
376 1140 513 1179 exitus
529 1154 631 1188 quos
648 1139 824 1178 Latinus
839 1144 965 1188 atque
982 1140 1132 1188 Opsius
1148 1139 1359 1187 ceterique

132 1204 281 1253 flagitii
305 1204 392 1242 eius
418 1208 653 1251 repertores
672 1203 871 1252 habuere,
892 1217 975 1241 non
995 1203 1118 1241 niodo
1138 1207 1359 1251 postquam

132 1267 260 1307 Gaius
281 1266 435 1305 Caesar
455 1280 594 1304 rerum
614 1265 770 1314 potitus
790 1270 864 1314 est,
881 1265 953 1304 sed
967 1265 1165 1304 incolumi
1181 1265 1359 1315 Tiberio,
1379 1283 1397 1316 5

132 1331 203 1380 qui
228 1330 431 1369 scelerum
457 1329 669 1368 ministros
696 1334 742 1368 ut
768 1329 951 1378 perverti
977 1329 1030 1367 ab
1057 1328 1150 1367 aliis
1176 1328 1359 1377 nolebat,

131 1395 191 1433 ita
216 1393 461 1442 plerumque
488 1393 664 1431 satiatus
691 1396 733 1431 et
758 1392 911 1431 oblatis
931 1392 973 1430 in
994 1391 1168 1430 eandem
1191 1405 1360 1440 operam

131 1456 370 1496 recentibus
389 1460 552 1494 ueteres
572 1460 613 1494 et
633 1470 887 1505 praegraues
907 1456 1072 1495 adflixit
1084 1473 1093 1503 ;
1124 1470 1269 1494 uerum
1284 1455 1360 1494 has

132 1525 259 1569 atque
295 1519 398 1558 alias
432 1519 613 1557 sontium
647 1534 801 1568 poenas
833 1520 876 1558 111
908 1524 1095 1568 tempore
1133 1519 1359 1557 trademus.

132 1588 223 1622 tum
248 1583 411 1621 censuit
438 1582 608 1621 Asinius
634 1582 793 1632 Gallus,
814 1583 931 1621 cuius
956 1583 1183 1621 liberorum
1207 1582 1360 1631 Agrip·
1382 1598 1421 1621 10

133 1645 232 1694 pina
257 1649 485 1683 matertera
511 1649 614 1693 erat,
636 1645 863 1694 petendum
890 1660 914 1684 a
940 1645 1138 1694 principe,
1160 1649 1206 1683 ut
1225 1649 1361 1683 metus

135 1723 229 1748 suos
254 1709 418 1748 senatui
446 1709 653 1748 fateretur
681 1710 950 1758 amouerique
979 1709 1145 1748 sineret.
1201 1708 1360 1747 nullam

134 1786 265 1821 aeque
291 1772 493 1819 Tiberius,
516 1776 561 1810 ut
588 1772 772 1820 rebatur,
793 1786 844 1811 ex
872 1772 1100 1810 uirtutibus
1126 1772 1209 1811 suis
1235 1786 1359 1820 quam

134 1834 505 1873 dissimulationem
523 1834 728 1883 diligebat
741 1852 749 1882 3
779 1849 826 1873 eo
842 1835 1009 1883 aegrius
1025 1835 1186 1884 accepit
1202 1834 1361 1873 recludi

133 1912 240 1946 quae
273 1902 490 1946 premeret.
558 1897 630 1936 sed
663 1898 876 1947 mitigauit
911 1899 1099 1948 Seianus,
1133 1913 1216 1937 11011
1250 1898 1360 1937 Galli
1384 1913 1419 1947 15

134 1974 285 2008 amore,
307 1974 452 1998 uerum
478 1964 525 1998 ut
551 1961 840 2000 cunctationes
866 1962 1067 2011 principis
1085 1962 1359 2011 opperiretur,

135 2037 292 2072 gnarus
306 2023 465 2062 lentum
478 2024 521 2061 in
534 2023 789 2073 meditando,
803 2025 875 2063 ubi
889 2025 1157 2074 prorupisset,
1171 2025 1362 2064 tristibus

134 2086 258 2126 dictis
277 2086 436 2125 atrocia
454 2086 570 2126 facta
590 2088 855 2136 coniungere.

1181 2164 1269 2192 4-2
