1464 2384
227 119 303 158 AB
341 117 598 158 EXCESSV
637 118 893 158 AVGVSTI
932 119 1007 157 IV.
1046 119 1203 157 21—24
1288 118 1334 158 17

106 237 203 262 nam
241 222 398 271 priores
435 221 573 269 duces,
607 221 678 260 ubi
715 221 980 270 impetrando
1019 221 1336 270 triumphalium

108 284 262 333 insigni
293 284 479 323 sufficere
508 297 574 322 res
603 297 698 321 suas
727 282 1006 331 crediderant,
1027 283 1189 322 hostem
1218 283 1331 322 omit-

108 347 277 396 tebant3
315 347 480 395 iamque
513 350 598 385 tres
631 346 846 384 laureatae
876 346 918 384 in
953 346 1056 385 urbe
1086 350 1266 395 statuae,
1296 351 1337 386 et
1357 359 1373 388 5

107 410 246 449 adhuc
269 409 467 459 raptabat
494 408 683 447 Africam
711 408 969 456 Tacfarinas,
996 412 1144 447 auctus
1170 408 1337 447 Mauro-

107 489 199 512 rum
240 473 418 521 auxiliis,
460 473 544 521 qui,
586 472 822 510 Ptolemaeo
860 471 992 510 Iubae
1036 471 1120 509 filio
1164 472 1337 510 iuuenta

106 536 324 584 incurioso,
355 535 528 574 libertos
558 535 695 583 regios
733 538 775 572 et
809 534 978 572 seruilia
1015 534 1189 582 imperia
1226 534 1337 573 bello

106 603 387 637 mutauerant.
443 602 533 636 erat
559 598 618 635 illi
646 597 896 646 praedarum
924 601 1115 645 receptor
1135 610 1183 635 ac
1204 597 1338 635 socius

107 661 334 710 populandi
365 674 439 699 rex
474 660 791 707 Garamantum,
826 674 907 698 non
940 663 988 697 ut
1020 673 1116 697 cum
1150 660 1338 698 exercitu

107 723 331 771 incederet,
353 723 425 761 sed
452 723 585 761 missis
612 722 775 761 leuibus
802 722 941 770 copiiS,
963 736 1070 770 quae
1097 736 1149 760 ex
1176 722 1339 771 longin-

107 800 188 834 quo
215 786 257 824 in
284 787 417 824 maius
443 785 738 823 audiebantur.
794 784 967 832 ipsaque
995 798 1016 822 e
1044 784 1272 833 prouincia,
1293 788 1340 823 ut

106 850 198 899 quis
235 850 430 888 fortunae
467 849 598 898 inops,
637 848 821 887 moribus
862 847 1069 895 turbidus,
1108 848 1340 897 promptius

108 914 300 961 ruebant,
320 913 418 962 quia
440 912 595 952 Caesar
615 916 707 961 post
735 926 798 951 res
825 926 849 950 a
876 912 1025 950 Blaeso
1046 917 1199 961 gestas,
1220 913 1339 961 quasi

107 977 232 1015 nullis
277 977 359 1015 iam
407 976 448 1014 in
495 975 642 1014 Africa
688 975 891 1023 hostibus,
935 975 1141 1023 reportari
1185 989 1339 1014 nonam

107 1040 313 1090 legionem
360 1040 549 1087 iusserat,
596 1052 672 1077 nec
711 1053 784 1087 pro
823 1038 991 1077 consule
1030 1038 1117 1077 eius
1155 1039 1253 1077 anni
1293 1039 1338 1078 P.

108 1103 329 1143 Dolabella
352 1103 532 1141 retinere
561 1115 686 1140 ausus
715 1105 817 1149 erat,
844 1101 955 1139 iussa
979 1101 1177 1150 principis
1205 1102 1340 1150 magis

108 1182 234 1215 quam
262 1166 422 1205 incerta
451 1165 551 1204 belli
579 1169 781 1203 metuens.

186 1231 256 1272 24.
314 1230 452 1278 Igitur
501 1228 759 1275 Tacfarinas,
807 1228 993 1276 disperso
1040 1242 1206 1266 rumore
1252 1242 1340 1267 rem

108 1294 339 1332 Romanam
367 1292 459 1330 aliis
485 1305 649 1340 quoque
676 1291 729 1329 ab
750 1290 992 1329 nationibus
1012 1290 1188 1329 lacerari
1209 1304 1339 1339 eoque

108 1356 310 1406 paulatim
336 1355 484 1395 Africa
511 1354 726 1402 decedere,
747 1368 795 1393 ac
822 1368 939 1403 posse
963 1354 1145 1402 reliquos
1165 1354 1339 1393 circum-

108 1420 252 1469 ueniri,
298 1420 329 1459 si
375 1419 527 1468 cuncti,
573 1418 724 1467 quibus
767 1418 941 1457 libertas
985 1418 1154 1457 seruitio
1192 1418 1338 1467 potior,

106 1484 406 1531 incubuissent,
434 1487 561 1531 auget
587 1482 696 1520 uires
724 1481 948 1530 positisque
975 1481 1123 1519 castris
1149 1481 1339 1519 Thubus-

107 1563 202 1587 cum
228 1547 427 1596 oppidum
454 1546 732 1585 circumsidet.
789 1551 833 1583 at
862 1545 1095 1592 Dolabella,
1123 1549 1339 1583 contracto

107 1612 218 1661 quod
245 1616 335 1650 erat
361 1611 552 1658 militum,
577 1614 737 1648 terrore
764 1609 941 1648 nominis
969 1609 1146 1648 Romani
1173 1613 1215 1647 et
1241 1609 1339 1657 quia

108 1674 316 1713 Numidae
346 1673 533 1722 peditum
561 1673 691 1711 aciem
721 1673 832 1711 ferre
861 1676 1086 1721 nequeunt,
1113 1672 1246 1721 primo
1276 1673 1337 1711 sui

107 1738 267 1776 incessu
299 1737 420 1775 soluit
451 1736 657 1775 obsidium
687 1736 954 1785 locorumque
984 1741 1219 1785 opportuna
1248 1750 1338 1785 per-

106 1800 297 1839 muniuit.
345 1800 466 1838 simul
479 1800 685 1848 principes
699 1799 1046 1838 Musulamiorum
1060 1799 1334 1838 defectionem

107 1867 349 1912 coeptantes
377 1863 509 1901 securi
538 1863 730 1911 percutit.
787 1863 895 1911 dein,
922 1862 1019 1910 quia
1050 1862 1238 1911 pluribus
1266 1862 1338 1901 ad-

107 1940 271 1965 uersum
299 1925 609 1964 Tacfarinatem
636 1925 972 1974 expeditionibus
999 1925 1226 1974 cognitum,
1253 1939 1334 1963 11011

107 1989 224 2037 graui
248 2002 322 2026 nec
344 2003 425 2026 uno
446 1988 613 2026 incursu
637 1988 963 2026 consectandum
984 1988 1145 2026 hostem
1167 2002 1335 2036 uagum,

106 2051 242 2090 excito
280 2066 371 2089 cum
412 2051 682 2099 popularibus
719 2066 818 2100 rege
858 2051 1097 2089 Ptsssomaeo
1135 2054 1335 2099 quattuor

1361 671 1398 692 10

1363 988 1397 1020 15

1360 1491 1375 1522 5

1360 1814 1397 1835 ΙΟ

107 2114 277 2161 agmina
315 2119 448 2162 parat,
483 2128 590 2162 quae
624 2114 774 2162 legatis
807 2119 879 2152 aut
915 2114 1096 2153 tribunis
1128 2114 1250 2161 ‹lata;
1295 2118 1336 2152 et
1358 2126 1391 2158 15

199 2196 229 2219 E.
249 2196 278 2219 T.
1225 2188 1244 2217 2
