1464 2384
256 118 334 159 AB
371 117 630 159 EXGESSV
668 119 924 159 AVGVSTI
963 119 1038 159 IV.
1073 119 1174 158 5—-7
1298 120 1323 157 5

97 220 286 268 honores,
306 219 568 258 nobilitatem
588 220 803 268 maiorum,
824 221 1117 260 claritudinem
1138 221 1322 269 militiae,

97 282 294 321 inlustres
310 282 421 321 domi
441 286 552 321 artes
568 282 807 332 spectando,
824 288 870 321 ut
890 284 990 322 satis
1010 287 1220 322 constaret
1240 298 1322 322 non

97 347 200 386 alios
220 346 400 396 potiores
418 345 558 385 fuisse.
614 360 688 385 sua
704 348 954 393 consulibus,
971 362 1045 386 sua
1061 348 1323 396 praetoribus
1347 357 1383 379 10

96 410 273 459 species3
321 409 528 448 minorum
565 424 729 458 quoque
773 411 1095 458 magistratuum
1139 411 1324 449 exercita

97 478 280 522 potestas
292 490 301 521 ;
331 473 539 521 legesque,
553 473 585 511 si
606 473 836 512 maiestatis
852 474 1040 522 quaestio
1056 474 1322 522 eximeretur,

97 538 206 576 bono
239 537 282 575 in
312 551 400 575 usu.
457 541 501 575 at
530 536 744 575 frumenta
777 540 818 575 et
852 537 1052 585 pecuniae
1082 537 1322 585 uectigales,

98 604 237 639 cetera
277 600 540 650 publicorum
577 600 791 638 fructuum
830 601 1099 639 societatibus
1136 601 1320 649 equitum

98 662 381 702 Romanorum
410 663 696 711 agitabantur.
753 676 817 701 res
851 676 946 701 suas
977 662 1132 702 Caesar
1165 667 1323 712 specta-
1347 671 1382 705 ¹5

97 725 254 764 tissimo
271 725 433 774 cuique,
447 726 698 774 quibusdam
714 725 869 774 ignotis
884 740 933 764 ex
950 726 1065 764 fama
1080 726 1323 774 mandabat,

98 788 306 837 semelque
340 789 550 837 adsumpti
584 788 839 827 tenebantur
872 802 1039 837 prorsus
1068 788 1155 827 sine
1188 789 1323 837 modo,

96 867 191 891 cum
219 853 406 902 plerique
438 853 570 892 isdem
599 852 778 900 negotiis
807 853 1126 891 insenescerent.
1183 852 1325 901 plebes

96 916 182 955 acri
195 916 362 965 quidem
379 930 546 955 annona
560 915 837 964 fatigabatur,
859 915 930 954 sed
950 915 1067 953 nulla
1082 914 1125 953 in
1139 930 1186 955 eo
1202 915 1325 964 culpa

95 994 147 1019 ex
167 980 365 1029 principe.
410 980 511 1029 quin
531 979 825 1018 infecunditati
848 983 1056 1018 terrarum
1077 983 1151 1018 aut
1170 979 1325 1028 asperis
1347 993 1385 1014 20

96 1044 222 1083 maris
255 1044 423 1083 obuiam
451 1044 511 1092 iit,
545 1048 750 1092 quantum
783 1044 993 1092 impendio
1022 1044 1324 1094 diligentiaque

96 1109 272 1154 poterat.
328 1109 370 1144 et
381 1119 433 1143 ne
450 1104 690 1154 prouinciae
706 1104 825 1143 nouis
841 1104 1037 1143 oneribus
1052 1105 1326 1143 turbarentur

95 1172 224 1217 utque
242 1173 389 1208 uetera
415 1168 502 1207 sine
522 1168 702 1207 auaritia
728 1172 803 1206 aut
830 1167 1080 1207 crudelitate
1106 1168 1325 1216 magistra-

95 1236 213 1271 tuum
266 1233 495 1272 tolerarent
540 1232 814 1281 prouidebat3
870 1246 1089 1280 corporum
1137 1232 1325 1281 uerbera,

97 1295 384 1345 ademptiones
420 1296 626 1334 bonorum
664 1295 854 1334 aberant.
923 1295 1008 1333 rari
1046 1309 1120 1344 per
1157 1295 1326 1334 Italiam
1346 1306 1384 1337 25

97 1359 286 1400 Caesaris
306 1359 410 1408 agri,
431 1359 620 1398 modesta
645 1358 828 1406 seruitia,
848 1358 960 1397 intra
980 1372 1134 1407 paucos
1154 1359 1326 1398 libertos

95 1421 243 1460 domus
254 1438 263 1469 3
293 1435 341 1460 ac
363 1421 395 1459 si
415 1420 583 1469 quando
600 1435 694 1459 cum
710 1420 887 1470 priuatis
902 1419 1168 1469 disceptaret,
1187 1420 1325 1459 forum

97 1488 138 1524 et
157 1485 233 1524 ius.

176 1548 216 1591 7.
272 1547 388 1597 Quae
417 1552 569 1587 cuncta
592 1562 677 1586 non
702 1548 871 1596 quidem
898 1548 1004 1586 comi
1031 1547 1113 1596 uia,
1135 1548 1207 1586 sed
1232 1548 1326 1587 hor-

95 1612 211 1651 ridus
256 1627 305 1652 ac
342 1613 587 1661 plerumque
623 1611 885 1659 formidatus,
924 1611 1134 1650 retinebat
1171 1615 1325 1658 tamen,

95 1676 227 1715 donec
247 1679 380 1715 morte
400 1676 525 1714 Drusi
541 1680 830 1722 uerterentur3
862 1689 970 1724 nam,
989 1674 1089 1714 dum
1107 1676 1325 1724 superfuit,

96 1752 298 1787 mansere,
336 1738 434 1786 quia
479 1737 655 1777 Seianus
697 1738 923 1786 incipiente
960 1738 1098 1778 adhuc
1137 1740 1322 1787 potentia

95 1801 215 1841 bonis
235 1801 417 1841 consiliis
436 1805 651 1840 notescere
673 1801 853 1849 uolebat,
875 1806 915 1840 et
933 1802 1043 1841 ultor
1058 1802 1326 1840 metuebatur
1346 1816 1363 1847 5

96 1878 178 1903 non
207 1864 395 1903 occultus
422 1863 518 1911 odii,
543 1863 615 1902 sed
641 1863 788 1902 crebro
817 1877 995 1911 querens
1020 1864 1217 1903 incolumi
1241 1864 1325 1903 filio

96 1926 330 1966 adiutorem
362 1925 524 1974 imperii
562 1924 691 1963 alium
730 1925 881 1965 uocari.
939 1930 980 1964 et
1018 1929 1222 1973 quantum
1261 1940 1325 1964 su-

96 2003 258 2039 peresse
284 1994 331 2028 ut
357 1989 519 2036 collega
545 1988 741 2026 dicatur?
780 1988 934 2036 primas
963 1988 1205 2027 dominandi
1232 2002 1325 2037 spes

96 2053 138 2091 in
154 2052 286 2091 arduo
301 2070 308 2097 ;
338 2052 409 2090 ubi
425 2052 479 2090 sis
493 2051 717 2099 ingressus,
731 2050 874 2089 adesse
891 2051 1029 2089 studia
1045 2056 1086 2090 et
1101 2051 1323 2090 ministros.

98 2120 313 2156 exstructa
356 2115 438 2154 iam
485 2118 632 2163 sponte
675 2113 878 2163 praefecti
919 2120 1069 2162 castra,
1116 2115 1237 2154 datos
1281 2115 1324 2154 in
1348 2130 1384 2151 ιο
