1464 2384
222 114 300 155 AB
337 113 596 156 EXOESSV
633 112 890 154 AVGVSTI
928 112 1004 154 IV.
1042 112 1198 153 51—55
1277 109 1327 150 39

101 217 314 268 inplicata,
357 233 451 259 cum
495 217 648 255 uiseret
691 229 783 254 eam
828 214 994 262 Caesar,
1033 213 1213 262 profusis
1255 211 1327 250 diu

101 295 150 320 ac
182 297 256 331 per
288 282 499 322 silentium
532 279 726 326 lacrimis,
756 292 852 316 mox
886 277 1089 316 inuidiam
1116 281 1158 315 et
1187 288 1329 324 preces

102 345 284 385 orditur:
325 344 567 384 subueniret
596 341 822 390 solitudini,
852 341 972 379 daret
1000 339 1219 386 maritum3
1258 338 1330 375 ha-

102 407 228 447 bilem
253 409 391 448 adhuc
410 409 628 446 iuuentam
649 405 727 443 sibi
748 419 882 453 neque
902 403 1017 442 aliud
1037 402 1178 452 probis
1204 415 1330 450 quam
1349 418 1366 450 5

103 485 154 510 ex
188 472 450 511 matrimonio
485 470 706 518 solacium3
746 483 833 509 esse
862 468 905 506 in
934 467 1107 506 ciuitate
1138 465 1209 514 qui
1242 464 1331 503 diui

101 535 285 584 Augusti
322 540 502 585 neptem,
541 534 780 573 Germanici
827 532 1048 580 coniugem
1091 544 1139 569 ac
1177 529 1331 568 liberos

103 599 189 638 eius
215 600 398 649 recipere
425 599 714 647 dignarentur.
771 596 844 635 sed
871 594 1026 634 Caesar
1052 608 1136 632 non
1156 593 1330 641 ignarus

102 667 306 711 quantum
335 677 386 702 ex
414 676 458 701 re
487 661 656 710 publica
684 664 909 710 peteretur,
938 673 992 697 ne
1025 662 1167 696 tamen
1201 656 1330 695 offen-

103 724 227 763 sionis
262 729 336 763 aut
374 729 510 763 metus
554 723 801 761 manifestus
842 721 965 769 foret,
1005 720 1093 758 sine
1134 732 1331 767 responso
1354 733 1391 754 10

103 801 356 836 quamquam
375 787 603 825 instantem
618 785 798 834 reliquit.
853 784 898 822 id
912 797 1002 831 ego,
1019 797 1044 821 a
1059 780 1332 830 scriptoribus

103 851 318 890 annalium
355 865 438 889 non
476 850 692 898 traditum,
730 848 895 898 repperi
938 847 981 885 in
1023 843 1332 885 commentariis

103 915 365 964 Agrippinae
380 914 502 963 filiae,
518 928 625 962 quae
642 913 821 952 Neronis
837 911 1035 961 principis
1050 914 1185 948 mater
1200 908 1333 947 uitam

104 992 222 1016 suam
242 982 283 1016 et
303 991 422 1016 casus
442 991 611 1015 suorum
631 976 807 1025 posteris
826 973 1089 1013 memorauit.

183 1042 254 1084 54.
311 1041 506 1080 Ceterum
535 1041 711 1080 Seianus
731 1042 987 1078 maerentem
1007 1041 1048 1076 et
1067 1035 1333 1085 inprouidam

104 1104 231 1142 altius
263 1104 453 1153 perculit,
482 1104 676 1142 immissis
709 1103 780 1152 qui
814 1117 887 1151 per
916 1101 1096 1150 speciem
1124 1098 1334 1138 amicitiae

105 1172 322 1206 monerent
364 1172 559 1217 paratum
605 1167 641 1206 ei
690 1180 912 1214 uenenum,
958 1163 1156 1203 uitandas
1204 1161 1335 1201 soceri

106 1232 261 1280 epulas.
308 1235 434 1280 atque
453 1231 526 1269 illa
547 1230 859 1269 simulationum
880 1228 1032 1276 nescia,
1054 1241 1149 1266 cum
1164 1230 1335 1275 propter

106 1293 398 1342 discumberet,
433 1307 515 1332 non
555 1293 675 1332 uultu
713 1298 787 1331 aut
820 1305 1008 1331 sermone
1042 1290 1166 1338 flecti,
1199 1289 1336 1327 nullos
1356 1305 1373 1337 5

107 1357 316 1406 attingere
354 1356 480 1406 cibos,
516 1356 647 1395 donec
686 1355 872 1395 aduertit
903 1354 1106 1402 Tiberius,
1139 1353 1248 1392 forte
1281 1366 1336 1391 an

106 1421 204 1469 quia
230 1420 451 1459 audiuerat
463 1438 472 1469 3
502 1420 628 1469 idque
648 1435 729 1469 quo
750 1420 887 1458 acrius
906 1418 1180 1468 experiretur,
1200 1430 1335 1466 poma,

107 1488 154 1522 ut
181 1488 301 1523 erant
327 1483 531 1532 adposita,
552 1483 731 1522 laudans
756 1483 880 1521 nurui
906 1497 981 1521 sua
1000 1496 1128 1520 manu
1148 1480 1336 1520 tradidit.

107 1551 232 1586 aucta
252 1561 304 1585 ex
324 1561 371 1586 eo
393 1547 570 1596 suspicio
591 1547 865 1596 Agrippinae,
883 1550 924 1585 et
944 1546 1105 1584 intacta
1121 1558 1191 1583 ore
1207 1543 1338 1582 seruis

107 1610 299 1649 tramisit.
355 1624 432 1648 nec
458 1614 601 1649 tamen
628 1609 783 1648 Tiberii
810 1623 892 1647 uox
919 1622 1059 1647 coram
1085 1611 1240 1655 secuta,
1265 1605 1337 1644 sed
1360 1620 1397 1642 10

107 1673 309 1712 obuersus
333 1673 388 1711 ad
414 1677 591 1711 matrem
611 1687 696 1712 non
714 1673 867 1711 mirum
887 1672 959 1720 ait,
980 1671 1013 1710 si
1033 1670 1134 1720 quid
1154 1670 1338 1709 seuerius

108 1737 150 1775 in
167 1751 258 1776 earn
275 1737 501 1784 statuisset,
518 1751 542 1775 a
558 1751 641 1786 qua
657 1736 849 1776 ueneficii
864 1735 1191 1774 insimularetur.
1239 1733 1338 1772 inde

108 1814 250 1839 rumor
275 1799 415 1849 parari
441 1800 627 1849 exitium,
648 1814 783 1849 neque
808 1799 852 1838 id
878 1799 1173 1848 imperatorem
1198 1796 1338 1846 palam

109 1864 276 1913 audere,
297 1868 503 1903 secretum
523 1864 578 1903 ad
598 1863 927 1913 perpetrandum
948 1861 1104 1912 quaeri.

189 1929 260 1971 55.
319 1928 402 1968 Sed
436 1928 602 1977 Caesar,
633 1943 714 1978 quo
747 1928 906 1967 famam
940 1929 1163 1974 auerteret,
1193 1924 1338 1963 adesse

107 1992 306 2041 frequens
332 1992 495 2031 senatui
521 1993 766 2041 legatosque
792 1992 932 2040 Asiae,
953 1990 1216 2038 ambigentes
1238 2002 1338 2037 qua-

109 2069 207 2093 nam
226 2054 269 2093 in
290 2055 462 2094 ciuitate
482 2055 684 2104 templum
707 2059 975 2103 statueretur,
996 2053 1137 2102 plures
1157 2066 1231 2101 per
1251 2051 1339 2090 dies

111 2118 285 2158 audiuit.
342 2118 536 2158 undecim
565 2119 690 2158 urbes
719 2119 954 2167 certabant,
980 2117 1071 2167 pari
1097 2115 1338 2164 ambitione,
