1464 2384
125 126 174 164 22
485 123 760 164 CORNELII
799 121 992 161 TACITI

125 227 309 265 amicitia
332 226 403 264 diu
424 239 631 275 prospere,
652 238 880 273 numquam
899 224 1006 262 bene
1026 237 1158 262 usum.
1206 222 1353 261 eadem

67 306 108 328 20
125 303 259 339 poena
284 290 324 327 in
354 289 505 328 Catum
533 289 733 327 Firmium
761 293 994 326 senatorem
1019 287 1230 334 statuitur,
1250 289 1354 324 tam—

125 367 251 401 quam
274 352 392 390 falsis
411 351 641 390 maiestatis
661 350 905 389 criminibus
925 364 1105 388 sororem
1127 348 1354 397 petiuisset.

127 414 268 463 Catus,
295 419 341 452 ut
368 414 523 463 rettuli,
548 413 751 452 Libonem
776 413 984 451 inlexerat
1009 411 1182 459 insidiis,
1204 410 1355 449 deinde

125 477 279 516 indicio
305 477 552 525 perculerat.
608 476 695 515 eius
715 489 865 524 operae
885 488 1042 513 memor
1061 474 1262 522 Tiberius,
1284 472 1356 512 sed

127 539 210 578 alia
229 539 521 588 praetendens,
543 538 713 577 exilium
734 537 983 586 deprecatus
1003 541 1086 584 est;
1117 550 1199 584 quo
1219 536 1356 573 minus

70 619 107 650 25
128 607 275 642 senatu
296 603 522 652 pelleretur
542 617 624 640 non
645 602 821 640 obstitit.

207 667 278 708 32.
318 666 522 713 Pleraque
539 679 681 703 eorum
695 678 802 712 quae
816 664 959 702 rettuli
973 678 1163 712 quaeque
1176 663 1356 702 referam

129 744 261 779 parua
286 729 465 768 forsitan
491 734 532 767 et
555 728 665 767 leuia
685 733 917 766 memoratu
938 727 1071 766 uideri
1092 742 1175 766 non
1195 727 1359 766 nescius

130 808 241 840 sum3
273 792 344 831 sed
364 806 485 831 nemo
506 791 679 829 annales
698 795 862 829 nostros
883 804 975 828 cum
993 790 1199 838 scriptura
1216 803 1357 828 eorum

130 855 405 903 contenderit,
426 854 496 902 qui
525 858 688 892 ueteres
714 853 856 902 populi
884 853 1061 891 Romani
1084 867 1150 892 res
1175 866 1359 901 compos-

94 939 110 970 5
130 932 239 957 uere.
295 917 485 966 ingentia
528 917 586 954 illi
632 916 755 964 bella,
800 915 1134 965 expugnationes
1179 915 1359 963 urbium,

129 982 244 1021 fusos
281 987 508 1030 captosque
545 994 678 1028 reges,
717 985 789 1018 aut
827 980 860 1018 si
897 979 1067 1028 quando
1104 978 1158 1017 ad
1194 979 1361 1017 interna

131 1048 459 1094 praeuerterent,
497 1043 726 1082 discordias
768 1043 985 1083 consulum
1030 1042 1253 1081 aduersum
1289 1042 1362 1081 tri-

131 1110 278 1158 bunos,
316 1109 506 1157 agrarias
548 1108 929 1156 frumentariasque
974 1107 1101 1155 leges,
1145 1107 1278 1156 plebis
1322 1111 1362 1145 et

131 1174 394 1223 optimatium
428 1172 658 1211 certamina
691 1172 822 1211 libero
856 1185 1025 1220 egressu
1058 1171 1360 1210 memorabant.

78 1253 115 1274 10
132 1237 252 1276 nobis
276 1237 319 1274 in
346 1240 438 1274 arto
464 1240 505 1274 et
531 1235 734 1284 inglorius
754 1235 894 1282 lab0r3
924 1234 1096 1272 immota
1116 1234 1269 1283 quippe
1288 1238 1363 1272 aut

133 1299 293 1338 modice
320 1298 514 1337 lacessita
541 1312 635 1346 pax,
657 1302 841 1336 maestae
868 1297 984 1335 urbis
1011 1311 1076 1335 res
1103 1301 1144 1335 et
1171 1296 1363 1345 princeps

134 1361 372 1410 proferendi
397 1360 544 1409 imperi
573 1360 805 1398 incuriosus
834 1364 935 1398 erat.
992 1374 1075 1398 non
1105 1367 1245 1398 tamen
1273 1359 1362 1398 sine

135 1440 209 1463 usu
239 1425 368 1463 fuerit
395 1424 666 1472 introspicere
696 1424 769 1462 illa
798 1423 930 1471 primo
959 1427 1131 1471 aspectu
1161 1422 1282 1471 leuia,
1312 1436 1363 1461 ex

134 1489 226 1537 quis
254 1501 503 1536 magnarum
533 1501 655 1535 saepe
683 1501 824 1525 rerum
852 1490 989 1524 motus
1018 1485 1222 1524 oriuntur.

214 1552 284 1594 33.
342 1551 451 1589 Nam
479 1556 652 1589 cunctas
673 1549 865 1587 nationes
886 1554 928 1587 et
948 1549 1072 1586 urbes
1093 1548 1271 1597 populus
1290 1552 1363 1586 aut

135 1615 336 1664 primores
382 1618 456 1652 aut
503 1613 656 1661 singuli
704 1616 879 1660 regunt:
928 1611 1092 1649 delecta
1138 1625 1190 1649 ex
1232 1610 1281 1649 iis
1323 1614 1365 1649 et

136 1678 372 1718 consociata
398 1678 454 1715 rei
484 1676 676 1725 publicae
701 1675 837 1713 forma
862 1674 1027 1713 laudari
1053 1674 1219 1712 facilius
1238 1688 1364 1723 quam

136 1742 315 1787 euenire,
348 1741 416 1779 uel
450 1741 483 1779 si
516 1740 668 1787 euenit,
702 1738 816 1777 haud
854 1738 1055 1776 diuturna
1092 1752 1178 1776 esse
1216 1742 1364 1786 potest.

100 1821 116 1852 5
135 1805 266 1854 igitur
285 1809 332 1842 ut
352 1804 449 1843 olim
470 1803 591 1852 plebe
613 1802 766 1850 ualida,
784 1801 849 1840 uel
872 1815 965 1839 cum
986 1806 1127 1850 patres
1147 1801 1364 1850 pollerent,

135 1866 346 1906 noscenda
373 1865 489 1913 uulgi
515 1869 668 1903 natura
694 1868 736 1902 et
759 1863 911 1912 quibus
930 1863 1063 1902 modis
1083 1867 1367 1912 temperanter

136 1929 375 1977 haberetur,
415 1932 666 1976 senatusque
710 1930 752 1965 et
790 1926 1055 1975 optimatium
1087 1925 1257 1974 ingenia
1294 1926 1366 1974 qui

136 1993 316 2031 maxime
336 1992 660 2041 perdidicerant,
681 1989 822 2029 callidi
842 1995 1077 2038 temporum
1097 1994 1138 2028 et
1158 1990 1367 2038 sapientes

138 2055 434 2103 credebantur,
448 2054 505 2093 sic
522 2067 723 2092 conuerso
740 2057 853 2091 statu
869 2066 1003 2100 neque
1019 2052 1102 2090 alia
1117 2066 1160 2091 re
1178 2052 1367 2090 Romana

83 2136 120 2157 10
137 2133 261 2168 quam
296 2118 329 2157 si
356 2131 465 2156 unus
492 2117 716 2166 imperitet,
747 2116 853 2155 haec
883 2116 1071 2164 conquiri
1101 2116 1295 2164 tradique
1322 2116 1366 2154 in
