1464 2384
247 114 323 153 AB
360 112 619 153 EXOESSV
658 111 913 151 AVGVSTI
947 111 1022 150 IV.
1065 111 1164 149 1—5
1294 111 1319 148 3

90 215 213 264 regni
234 219 276 254 et
295 229 439 254 necem
459 214 598 253 mariti
619 213 796 263 impulit.
853 217 979 262 atque
998 213 1083 261 illa,
1104 213 1170 251 cui
1191 227 1322 251 auun-

90 277 208 316 culus
227 279 458 327 Augustus,
476 292 590 316 socer
605 276 808 324 Tiberius,
822 290 874 315 ex
892 276 1028 314 Druso
1043 275 1176 324 liberi,
1194 288 1320 323 seque

91 355 140 379 ac
165 341 342 380 maiores
361 344 403 379 et
425 344 610 389 posteros
636 339 876 387 municipali
897 338 1089 378 adultero
1108 338 1321 387 foedabat,

94 408 138 442 ut
167 418 240 453 pro
272 403 457 443 honestis
490 407 531 442 et
559 402 851 451 praesentibus
880 401 1088 450 flagitiosa
1115 406 1158 440 et
1190 401 1322 440 incer-

91 472 135 505 ta
159 470 432 516 exspectaret.
490 465 667 504 sumitur
695 465 737 502 in
767 464 1065 503 conscientiam
1095 463 1321 512 Eudemus,

93 532 252 571 amicus
289 544 338 569 ac
375 529 560 568 medicus
598 528 754 578 Liuiae,
795 529 931 577 specie
978 528 1080 567 artis
1125 527 1324 577 frequens

92 594 273 633 secretis,
328 593 447 642 pellit
471 592 593 631 domo
621 592 798 631 Seianus
822 606 994 630 uxorem
1014 592 1251 640 Apicatam,
1272 606 1323 630 ex

92 672 174 706 qua
203 661 288 696 tres
314 657 468 696 liberos
494 660 711 704 genuerat,
741 670 793 694 ne
821 655 971 704 paelici
1000 660 1322 704 suspectaretur.

91 721 164 760 sed
185 720 432 769 magnitudo
458 720 656 759 facinoris
679 724 848 769 metum,
869 719 1135 768 prolationes,
1156 719 1324 758 diuersa

92 784 306 824 interdum
326 783 499 822 consilia
515 783 748 822 adferebat.

169 847 211 890 4.
266 846 443 886 Interim
466 846 564 885 anni
590 846 794 895 principio
822 846 983 884 Drusus
1011 860 1063 885 ex
1083 845 1323 885 Germanici

91 910 233 949 liberis
259 914 404 958 togam
435 909 599 948 uirilem
632 909 819 958 sumpsit,
853 922 1043 957 quaeque
1079 908 1203 948 fratri
1235 909 1323 948 eius

94 973 250 1012 Neroni
291 972 536 1011 decreuerat
580 977 749 1011 senatus
785 973 975 1021 repetita.
1031 973 1196 1013 addidit
1232 988 1322 1013 ora-

91 1037 247 1075 tionem
268 1035 434 1084 Caesar,
454 1035 589 1074 multa
605 1050 700 1074 cum
720 1036 844 1074 laude
864 1036 938 1074 filii
958 1036 1033 1085 sui,
1053 1037 1166 1086 quod
1185 1038 1323 1086 patria

91 1100 385 1139 beneuolentia
412 1099 455 1138 in
482 1099 627 1138 fratris
656 1099 808 1138 liberos
836 1100 957 1139 foret.
1012 1114 1110 1139 nam
1144 1101 1321 1149 Drusus,

91 1177 345 1213 quamquam
365 1163 545 1201 arduum
565 1163 618 1200 sit
638 1163 781 1202 eodem
809 1163 888 1202 loci
914 1164 1145 1212 potentiam
1164 1168 1206 1203 et
1226 1178 1321 1203 con-

91 1228 276 1267 cordiam
307 1241 406 1276 esse,
438 1241 596 1276 aequus
626 1227 967 1266 adulescentibus
994 1232 1068 1266 aut
1096 1232 1208 1267 certe
1236 1242 1321 1267 non

91 1292 292 1331 aduersus
312 1291 561 1329 habebatur.
618 1291 715 1330 exin
735 1296 856 1331 uetus
875 1296 917 1331 et
937 1306 1059 1341 saepe
1079 1292 1321 1331 simulatum

91 1354 379 1404 proficiscendi
398 1354 441 1392 in
467 1354 704 1402 prouincias
727 1354 946 1393 consilium
965 1355 1160 1394 refertur.
1217 1356 1320 1394 mul-

91 1419 315 1457 titudinem
353 1422 649 1456 ueteranorum
691 1418 967 1466 praetexebat
1009 1418 1238 1466 imperator
1280 1422 1322 1457 et

93 1482 315 1521 dilectibus
346 1481 598 1530 supplendos
631 1482 862 1521 exercitus:
905 1496 1003 1520 nam
1036 1482 1321 1521 uoluntarium

94 1546 267 1584 militem
295 1545 450 1593 deesse,
471 1560 532 1593 ac,
554 1545 587 1583 si
608 1545 859 1594 suppeditet,
886 1560 969 1584 non
998 1545 1145 1584 eadem
1164 1545 1320 1585 uirtute

93 1623 140 1648 ac
174 1609 377 1647 modestia
405 1622 544 1657 agere,
573 1608 671 1656 quia
700 1608 944 1656 plerumque
972 1608 1115 1657 inopes
1144 1622 1193 1647 ac
1222 1608 1319 1657 uagi

93 1676 239 1720 sponte
295 1671 488 1709 militiam
545 1675 724 1709 sumant.
792 1670 1111 1719 percensuitque
1168 1671 1321 1709 cursim

94 1749 314 1773 numerum
341 1734 554 1782 legionum
587 1739 629 1773 et
661 1748 765 1782 quas
798 1734 1036 1782 prouincias
1069 1738 1321 1774 tutarentur.

94 1798 206 1846 quod
243 1798 344 1836 mihi
381 1812 545 1847 quoque
583 1797 896 1846 exsequendum
934 1812 1038 1847 reor,
1076 1813 1183 1848 quae
1221 1803 1322 1838 tunc

95 1862 284 1901 Romana
313 1862 432 1911 copia
458 1861 503 1900 in
528 1861 667 1909 armis,
693 1861 764 1910 qui
793 1861 890 1900 socii
920 1876 1052 1910 reges,
1082 1867 1240 1911 quanto
1269 1863 1323 1902 sit

94 1925 314 1974 angustius
331 1925 630 1974 imperitatum.

172 1989 211 2031 5.
267 1988 436 2027 Italiam
455 1993 632 2037 utroque
658 1988 763 2026 mari
783 1987 892 2027 duae
921 1987 1086 2037 classes,
1113 1988 1322 2027 Misenum

94 2051 206 2101 apud
232 2056 274 2090 et
300 2052 560 2100 Rauennam,
581 2051 900 2100 proximumque
927 2050 1089 2090 Galliae
1115 2050 1215 2089 litus
1238 2065 1322 2090 ros-

94 2119 230 2154 tratae
273 2128 404 2153 naues
441 2114 749 2163 praesidebant,
787 2127 892 2162 quas
928 2113 1107 2152 Actiaca
1144 2113 1322 2152 uictoria

1143 2188 1229 2217 l—2

1345 227 1380 260 15

1343 540 1383 562 20

1342 1116 1358 1149 5

1344 1432 1381 1454 10

1344 1749 1380 1782 15
