1464 2384
225 122 297 161 AB
336 120 593 160 EXCESSV
632 118 888 159 AVGVSTI
929 119 1003 158 IV.
1041 119 1196 157 41—44
1277 118 1324 157 31

99 224 302 263 Lentulus
341 222 584 262 Gaetulicus
622 221 764 260 consul
804 220 1050 269 designatus
1087 221 1180 269 lege
1220 220 1328 258 Iulia

99 287 349 334 damnasset,
391 285 516 324 exilio
562 284 728 333 puniuit
774 284 1060 332 Apidiumque
1107 284 1326 332 Merulam,

98 350 210 399 quod
255 350 297 388 in
339 352 435 387 acta
477 347 563 386 diui
607 347 788 395 Augusti
835 361 917 385 non
961 347 1187 395 iurauerat,
1232 346 1328 384 albo

98 412 305 452 senatorio
334 410 473 449 erasit.

175 476 249 518 43.
304 473 489 512 Auditae
516 473 668 511 dehine
696 473 1123 511 Lacedaemoniorum
1151 476 1192 510 et
1221 472 1329 510 Mes-

98 539 305 579 seniorum
338 537 570 585 legationes
599 536 650 574 de
679 536 767 574 iure
796 536 941 584 templi
972 536 1133 573 Dianae
1162 535 1328 573 Limna-

97 603 206 650 tidis,
227 600 338 650 quod
364 600 448 639 suis
475 615 499 638 a
518 599 746 638 maioribus
766 612 924 646 suaque
945 598 987 636 in
1009 603 1121 636 terra
1142 597 1327 635 dicatum

98 665 417 705 Lacedaemonii
443 664 673 702 firmabant
698 662 912 701 annalium
940 662 1139 700 memoria
1166 665 1328 699 uatum-

96 744 176 778 que
209 727 476 775 carminibus,
506 726 579 765 sed
613 725 858 764 Macedonis
892 725 1088 773 Philippi,
1118 739 1212 763 cum
1246 740 1327 774 quo

96 791 335 837 bellassent,
365 789 491 828 armis
521 789 763 837 ademptum
793 802 841 827 ac
871 792 962 837 post
993 788 1036 827 C.
1067 788 1258 827 Caesaris
1286 795 1328 826 et

98 855 154 893 M.
194 853 367 892 Antonii
411 853 619 892 sententia
663 852 888 891 redditum.
945 856 1092 890 contra
1130 852 1326 891 Messenii

96 924 280 958 ueterem
304 919 414 957 inter
434 917 630 956 Herculis
650 921 836 966 posteros
856 916 1103 955 diuisionem
1126 917 1328 965 Pelopon-

96 983 183 1022 nesi
210 982 432 1031 protulere,
457 995 612 1028 suoque
640 979 730 1028 regi
756 979 1072 1018 Denthaliatem
1098 994 1260 1029 agrum,
1284 980 1327 1018 in

96 1059 177 1093 quo
210 1045 253 1083 id
283 1043 518 1090 delubrum,
549 1042 744 1090 cessisse3
782 1042 1122 1090 monimentaque
1152 1043 1239 1081 eius
1268 1043 1326 1081 rei

97 1108 260 1156 sculpta
286 1106 397 1145 saxis
423 1110 464 1143 et
487 1119 582 1143 aere
603 1105 738 1154 prisco
758 1119 939 1143 manere.
996 1105 1107 1153 quod
1128 1105 1160 1143 si
1180 1109 1327 1143 uatum

96 1174 169 1209 aut
206 1169 421 1208 annalium
459 1167 513 1206 ad
550 1167 788 1205 testimonia
827 1171 1042 1215 nocentur,
1075 1167 1215 1216 plures
1248 1167 1326 1206 sibi

96 1247 144 1272 ac
181 1231 473 1281 locupletiores
511 1244 620 1277 esse3
674 1243 808 1277 neque
846 1229 1088 1278 Philippum
1125 1230 1325 1279 potentia,

96 1295 168 1334 sed
201 1310 253 1334 ex
286 1308 385 1333 uero
419 1292 636 1331 statuisse:
681 1292 791 1331 idem
824 1293 936 1340 regis
968 1293 1186 1342 Antigoni,
1216 1293 1325 1332 idem

94 1357 357 1408 imperatoris
380 1355 573 1394 Mummii
592 1354 791 1394 iudicium
804 1372 813 1403 3
845 1355 901 1393 sic
924 1356 1107 1395 Milesios
1127 1356 1325 1405 permisso

96 1421 262 1471 publice
288 1419 475 1467 arbitrio,
502 1423 711 1467 postremo
738 1417 931 1456 Atidium
959 1418 1181 1457 Geminum
1208 1434 1326 1468 prae-

97 1490 229 1524 torem
255 1483 442 1522 Achaiae
464 1481 710 1520 decreuisse.
767 1481 827 1519 ita
847 1481 1077 1520 secundum
1098 1482 1327 1521 Messenios

97 1549 255 1587 datum.
311 1551 352 1585 et
382 1545 603 1593 Segestani
629 1544 775 1583 aedem
798 1544 976 1583 Veneris
1003 1550 1187 1585 montem
1214 1547 1326 1596 apud

97 1613 292 1660 Erycum,
318 1613 528 1647 uetustate
555 1608 772 1656 dilapsam,
794 1609 1019 1646 restaurari
1048 1610 1326 1658 postulauere,

97 1679 197 1713 nota
230 1675 510 1712 memorantes
545 1671 596 1709 de
630 1671 791 1719 origine
821 1671 908 1709 eius
938 1678 979 1710 et
1008 1672 1119 1711 laeta
1148 1673 1325 1712 Tiberio.

98 1735 277 1784 suscepit
303 1748 446 1772 curam
469 1732 604 1771 libens
626 1737 672 1771 ut
693 1733 1042 1781 consanguineus.
1098 1738 1198 1773 tunc
1219 1739 1327 1774 trac-

98 1805 212 1840 tatae
242 1797 564 1837 Massiliensium
594 1811 738 1845 preces
766 1797 1074 1846 probatumque
1104 1798 1148 1837 P.
1180 1799 1328 1837 Rutilii

98 1863 357 1912 exemplum3
386 1875 568 1909 namque
595 1874 689 1899 eum
715 1861 879 1909 legibus
906 1862 1071 1910 pulsum
1096 1863 1229 1901 ciuem
1250 1864 1328 1902 sibi

98 1926 322 1975 Zmyrnaei
347 1925 612 1963 addiderant.
669 1939 750 1973 quo
777 1925 865 1963 iure
887 1925 1109 1963 Vulcatius
1130 1926 1328 1965 Moschus

97 1991 194 2031 exul
220 1990 262 2028 in
291 1988 572 2027 Massilienses
598 1993 790 2037 receptus
816 1988 926 2026 bona
954 2003 1027 2026 sua
1052 1989 1109 2027 rei
1134 1989 1327 2037 publicae

97 2069 239 2095 eorum
261 2058 306 2092 ut
326 2053 487 2102 patriae
507 2053 746 2101 reliquerat.

174 2117 246 2159 44,
303 2116 454 2155 Obiere
481 2130 527 2154 eo
554 2130 664 2154 anno
685 2115 764 2153 uiri
786 2115 945 2154 nobiles
966 2114 1040 2154 Cn.
1062 2115 1265 2154 Lentulus
1286 2127 1325 2154 et

1349 421 1388 442 20

1348 743 1364 775 5

1349 1061 1387 1084 10

1349 2011 1385 2042 25
