1464 2384
100 103 150 141 28
462 102 737 143 CORNELII
775 103 969 143 TAOITI

100 205 225 244 moris
244 206 396 255 quippe
417 211 506 244 tum
523 210 613 244 erat
629 220 883 254 quamquam
898 211 1160 255 praesentem
1176 204 1330 253 scripto

65 269 228 309 sadire.
283 269 370 307 eius
414 269 510 307 talis
546 269 681 307 forma
718 269 820 308 fuit:
868 269 1163 308 beneuolentia
1200 268 1331 317 patris

101 333 284 381 Augusti
305 337 347 371 et
362 347 459 371 mox
475 333 664 381 plurimis
679 333 834 372 Tiberii
849 333 1013 372 iudiciis
1027 334 1087 372 ita
1102 332 1331 371 insueuisse

100 400 148 434 ut
181 410 272 444 spes
306 401 486 444 uotaque
520 410 594 434 sua
628 411 711 435 non
744 397 858 445 prius
891 397 945 435 ad
978 397 1076 435 deos
1113 410 1240 445 quam
1276 395 1331 434 ad

101 460 335 508 principum
351 474 472 498 aures
488 460 709 499 conferret.
755 474 890 509 neque
902 460 1112 509 fulgorem
1125 460 1330 499 honorum

101 536 300 570 umquam
326 526 541 570 precatum
554 539 563 570 ;
594 523 794 561 excubias
819 537 868 561 ac
894 523 1071 571 labores,
1092 527 1139 561 ut
1159 536 1288 560 unum
1309 535 1331 560 e

47 597 85 618 10
101 586 316 635 militibus,
354 600 428 635 pro
465 586 754 625 incolumitate
792 586 1054 635 imperatoris
1091 585 1226 624 malle.
1282 599 1331 624 ac

101 654 243 688 tamen
262 649 374 697 quod
394 649 721 697 pulcherrimum
741 649 952 698 adeptum,
974 653 1020 686 ut
1040 647 1332 687 coniunctione

103 712 292 751 Caesaris
325 711 479 760 dignus
513 711 776 750 crederetur:
816 711 913 750 hinc
942 711 1107 749 initium
1136 710 1234 759 spei.
1290 714 1332 749 et

101 775 299 824 quoniam
319 774 529 813 audiuerit
550 775 790 822 Augustum
811 774 852 812 in
874 773 1132 812 conlocanda
1147 773 1234 811 filia
1248 786 1331 810 non

101 838 205 876 nihil
232 838 358 876 etiam
385 837 436 875 de
464 837 674 885 equitibus
703 837 901 875 Romanis
927 836 1239 884 consultauisse‚
1259 835 1330 877 ita,

48 914 82 947 15
102 902 135 941 si
178 902 353 941 maritus
382 901 541 939 -Liuiae
579 906 864 949 quaereretur,
902 901 1077 940 haberet
1114 900 1154 938 in
1194 899 1332 938 animo

102 966 282 1004 amicum
302 965 388 1004 sola
405 965 724 1004 necessitudinis
741 965 874 1013 gloria
892 978 1075 1002 usurum.
1122 977 1206 1001 non
1222 961 1331 1001 enim

103 1042 254 1068 exuere
267 1028 448 1077 inposita
461 1028 603 1066 munia
618 1045 625 1075 ;
647 1028 747 1066 satis
760 1028 981 1066 aestimare
993 1026 1149 1065 firmari
1163 1025 1331 1064 domum

102 1091 326 1130 aduersum
378 1091 543 1139 iniquas
591 1091 852 1139 Agrippinae
899 1090 1160 1138 offensiones,
1206 1088 1332 1137 idque

101 1155 328 1194 liberorum
361 1168 508 1202 causa;
544 1168 642 1192 nam
671 1154 748 1192 sibi
778 1154 955 1192 multum
985 1166 1190 1202 superque
1219 1152 1331 1190 uitae

43 1237 84 1259 20
100 1218 203 1267 fore,
232 1218 344 1267 quod
373 1218 444 1256 tali
477 1231 570 1255 cum
600 1217 785 1266 principe
815 1216 1077 1266 expleuisset.

179 1282 250 1324 40.
306 1281 376 1320 Ad
400 1295 449 1320 ea
468 1280 672 1328 Tiberius,
693 1280 867 1318 laudata
888 1280 1045 1329 pietate
1068 1278 1208 1318 Seiani
1229 1278 1331 1317 suis-

101 1359 182 1394 que
207 1345 249 1383 in
277 1359 371 1383 eum
398 1343 611 1383 beneficiis
631 1343 793 1381 modice
814 1342 1031 1392 percursis,
1053 1355 1146 1380 cum
1167 1346 1332 1389 tempus

101 1414 317 1456 tamquam
361 1407 415 1446 ad
458 1407 668 1455 integram
716 1406 1066 1445 consultationem
1103 1405 1331 1454 petiuisset,

101 1473 295 1512 adiunxit
321 1472 469 1511 ceteris
494 1471 742 1510 mortalibus
761 1472 805 1509 in
825 1485 872 1510 eo
894 1475 1005 1510 stare
1025 1470 1208 1518 consilia,
1229 1469 1331 1518 quid

67 1550 83 1583 5
102 1536 180 1575 sibi
223 1536 456 1575 conducere
500 1540 670 1583 putent3
722 1534 959 1583 principum
996 1533 1205 1571 diuersam
1243 1546 1330 1571 esse

102 1604 267 1648 sortem,
283 1599 435 1648 quibus
455 1599 681 1647 praecipua
697 1612 837 1636 rerum
853 1597 906 1635 ad
922 1597 1079 1636 famam
1096 1595 1330 1644 dirigenda.

101 1663 194 1702 ideo
211 1678 252 1702 se
268 1677 352 1701 non
367 1662 465 1701 illuc
483 1662 716 1709 decurrere,
731 1661 842 1709 quod
859 1666 1097 1710 promptum
1112 1660 1330 1708 rescriptu,

102 1740 220 1774 posse
234 1726 368 1775 ipsam
384 1725 547 1763 Liuiam
564 1729 761 1772 statuere,
778 1724 1022 1763 nubendum
1037 1728 1131 1772 post
1146 1723 1330 1761 Drusum

102 1804 156 1828 an
182 1789 225 1827 in
251 1788 475 1838 penatibus
494 1787 625 1826 isdem
647 1787 913 1826 tolerandum
933 1787 1109 1825 haberet
1122 1803 1131 1834 ;
1162 1800 1249 1825 esse
1269 1786 1329 1824 illi

47 1872 84 1893 10
101 1857 278 1891 matrem
324 1856 366 1890 et
411 1851 563 1898 auiam,
611 1850 805 1899 propiora
852 1849 1036 1889 consilia.
1102 1849 1330 1898 simplicius

101 1921 306 1964 acturum,
345 1915 395 1954 de
432 1914 659 1953 inimicitiis
696 1914 876 1963 primum
912 1912 1187 1962 Agrippinae,
1225 1926 1329 1961 quas

100 1980 225 2028 longe
257 1978 394 2017 acrius
421 1992 600 2026 arsuras,
630 1977 662 2015 si
697 1976 1009 2015 matrimonium
1037 1976 1183 2015 Liuiae
1212 1976 1329 2015 uelut

100 2043 144 2081 in
163 2046 303 2092 partes
323 2041 490 2080 domum
513 2040 739 2080 Caesarum
760 2039 1035 2078 distraxisset.
1086 2039 1144 2078 sic
1164 2054 1328 2088 quoque

101 2120 319 2155 erumpere
343 2105 665 2144 aemulationem
685 2104 949 2151 feminarum,
970 2117 1102 2151 eaque
1121 2103 1328 2142 discordia
