1464 2384
110 116 160 153 36
471 113 746 153 CORNELII
784 114 976 154 TAGITI

110 219 231 254 extra
259 216 516 264 palarentur,
543 219 662 254 tanto
690 215 893 255 infensius
921 217 1040 265 caesi,
1061 222 1218 266 quanto
1248 230 1337 266 per-

109 277 237 326 fugae
265 282 306 317 et
331 277 564 327 proditores
588 277 699 316 ferre
726 292 843 316 arma
869 278 924 317 ad
950 293 1068 318 suum
1093 279 1337 329 patriaeque

109 342 327 380 seruitium
346 341 661 380 incusabantur.

187 405 260 448 49,
317 406 490 444 Postera
522 405 589 444 die
621 405 802 444 Sabinus
830 406 1058 445 exercitum
1088 421 1220 456 aequo
1247 408 1337 447 loco

109 469 304 517 ostendit,
326 469 358 507 si
383 468 556 507 barbari
582 482 773 507 successu
800 469 934 507 noctis
956 456 1115 508 alacres
1135 471 1337 519 proelium

108 532 325 572 auderent.
366 536 407 570 et
419 536 639 580 postquam
653 532 824 570 castello
838 536 911 570 aut
923 532 1155 571 coniunctis
1167 534 1338 572 tumulis

107 610 192 634 non
224 595 592 643 degrediebantur,
622 594 829 633 obsidium
862 595 997 644 coepit
1029 610 1103 644 per
1130 596 1338 645 praesidia

71 672 87 705 5
107 674 214 708 quae
235 663 467 708 opportune
487 658 570 697 iam
588 658 827 706 muniebat;
857 658 953 697 dein
973 659 1127 698 fossam
1147 659 1220 698 lori
1228 674 1336 699 oam-

107 737 188 771 que
216 726 444 761 contexens
471 725 671 770 quattuor
700 722 814 760 milia
841 736 1037 770 passuum
1063 723 1224 761 ambitu
1252 737 1336 761 am-

107 785 255 835 plexus
287 789 372 831 est;
414 789 504 822 tum
538 784 753 832 paulatim,
786 788 834 822 ut
867 798 1019 832 aquam
1052 785 1337 834 pabulumque

107 849 298 898 eriperet,
316 847 564 887 contrahere
585 847 769 886 claustra
789 851 964 896 artaque
985 848 1265 897 circumdare;
1296 853 1338 888 et

106 913 350 952 struebatur
362 926 505 961 agger,
520 911 630 950 unde
647 926 749 950 saxa
766 912 912 950 hastae
925 912 1044 959 ignes
1057 912 1336 961 propinquum

52 966 199 1016 10iamv
226 976 270 1014 in
302 976 464 1014 hostem
497 975 746 1013 iacerentur.
803 975 874 1014 sed
908 975 1012 1013 nihil
1046 990 1177 1024 aeque
1211 990 1337 1024 quam

107 1041 196 1079 sitis
237 1039 463 1088 fatigabat,
501 1052 595 1077 cum
636 1039 785 1087 ingens
822 1039 1047 1077 multitudo
1085 1039 1337 1078 bellatorum

105 1103 323 1143 inbellium
356 1116 439 1140 uno
471 1102 631 1150 reliquo
660 1101 777 1140 fonte
806 1106 1046 1150 uterentur3
1091 1102 1211 1140 simul
1241 1103 1336 1151 equi

106 1171 308 1214 armenta,
346 1170 393 1204 ut
430 1179 518 1203 mos
554 1165 760 1213 barbaris,
798 1165 918 1203 iuxta
955 1165 1110 1213 clausa,
1148 1170 1335 1213 egestate

106 1230 249 1280 pabuli
275 1229 528 1276 exanimari;
562 1228 754 1267 adiacere
781 1242 955 1277 corpora
980 1228 1208 1277 hominum,
1234 1244 1337 1278 quos

50 1304 85 1337 15
106 1295 294 1342 uulnera,
323 1307 426 1341 quos
455 1291 544 1330 sitis
572 1295 828 1340 peremerat3
872 1291 999 1340 pollui
1029 1296 1180 1331 cuncta
1210 1293 1336 1342 sanie,

105 1359 244 1407 odore,
273 1361 483 1396 contactu.

184 1421 255 1463 50.
312 1419 536 1467 Rebusque
573 1418 754 1456 turbatis
790 1418 946 1456 malum
984 1423 1217 1458 extremum
1255 1420 1335 1459 dis—

105 1483 249 1524 cordia
291 1481 477 1530 accessit,
521 1481 585 1519 his
629 1480 896 1529 deditionem,
939 1481 1031 1519 aliis
1073 1486 1250 1521 mortem
1294 1488 1336 1522 et

105 1552 271 1587 mutuos
296 1546 405 1584 inter
431 1558 473 1583 se
499 1544 607 1582 ictus
634 1543 904 1592 parantibus;
940 1548 980 1582 et
1007 1549 1128 1582 erant
1154 1545 1225 1593 qui
1251 1560 1333 1584 non

104 1612 285 1651 inultum
311 1609 498 1657 exitium,
520 1607 592 1646 sed
618 1607 879 1655 eruptionem
907 1607 1143 1646 suaderent.
1201 1623 1333 1657 neque

68 1688 84 1721 5
103 1674 310 1724 ignobiles
354 1676 519 1711 tantum
562 1670 626 1709 his
669 1669 824 1708 diuersi
862 1670 1090 1718 sententiis,
1129 1686 1274 1711 uerum
1312 1688 1334 1712 e

105 1738 283 1777 ducibus
312 1735 444 1783 Dinis,
470 1737 694 1782 prouectus
723 1736 891 1771 senecta
919 1737 961 1771 et
989 1733 1114 1782 longo
1143 1749 1219 1773 usu
1248 1736 1333 1774 uim

105 1806 231 1850 atque
251 1797 516 1838 clementiam
537 1796 771 1834 Romanam
791 1795 974 1844 edoctus,
991 1797 1184 1844 ponenda
1204 1812 1333 1848 arma,

105 1879 234 1904 unum
267 1861 447 1902 adflictis
477 1859 521 1898 id
554 1858 783 1898 remedium
817 1858 1060 1908 disserebat,
1093 1860 1333 1910 primusque

105 1943 148 1967 se
181 1941 275 1966 cum
308 1924 484 1973 coniuge
519 1927 560 1961 et
592 1921 735 1960 liberis
768 1921 917 1960 uictori
951 1922 1148 1970 permisit.
1203 1925 1334 1964 secuti

51 2008 87 2029 10
103 1994 243 2031 aetate
268 1992 341 2027 aut
367 2002 467 2026 sexu
488 1984 673 2025 inbecilli
693 1988 734 2023 et
754 1984 906 2032 quibus
925 1985 1057 2023 maior
1075 1985 1188 2025 uitae
1208 2002 1334 2036 quam

105 2053 263 2104 gloriae
283 2050 446 2099 cupido.
502 2054 546 2088 at
565 2049 761 2087 iuuentus
776 2047 949 2085 Tarsam
966 2048 1075 2086 inter
1091 2053 1132 2087 et
1147 2049 1333 2090 Turesim

105 2115 431 2157 distrahebatur.
488 2113 655 2161 utrique
697 2111 951 2150 destinatum
998 2126 1091 2150 cum
1138 2113 1333 2155 libertate
