1464 2384
148 118 198 157 10
511 117 787 159 CORNELII
825 118 1018 159 TACITI

147 220 261 259 exilii
313 221 540 260 admodum
586 221 793 260 infantem
840 225 961 270 pater
1014 222 1283 271 Sempronius
1333 221 1377 260 in

146 284 326 322 insulam
360 283 579 324 Cercinam
616 285 785 323 tulerat.
840 285 925 323 illic
963 284 1133 323 adultus
1165 284 1276 323 inter
1309 298 1378 323 ex-

148 350 280 386 torres
301 351 342 385 et
362 347 598 385 liberalium
619 347 773 386 artium
790 347 961 396 nescios,
978 362 1074 386 mox
1095 361 1168 396 per
1187 347 1377 386 Africam

93 419 128 452 15
148 423 196 448 ac
218 410 401 449 Siciliam
423 411 626 449 mutando
646 410 836 450 sordidas
859 425 1017 449 merces
1037 411 1354 450 sustentabatur
1366 428 1376 459 3

148 486 283 520 neque
309 476 450 511 tamen
477 472 627 521 effugit
652 487 832 521 magnae.
857 472 1052 512 fortunae
1078 472 1274 521 pericula.
1331 486 1378 511 ac

149 536 192 574 ni
211 536 357 575 Aelius
377 537 523 575 Lamia
543 541 585 576 et
605 537 650 576 L.
672 537 896 586 Apronius,
917 537 988 585 qui
1004 537 1195 576 Africam
1215 537 1380 575 obtinu-

149 605 282 649 erant,
325 601 534 640 insontem
578 601 872 651 protexissent,
911 601 1161 640 claritudine
1206 601 1380 640 infausti

150 664 315 713 generis
343 668 385 703 et
413 665 600 713 paternis
628 665 815 703 aduersis
843 664 953 704 foret
982 665 1230 703 abstractus.

230 725 299 769 14.
355 727 397 765 Is
443 742 607 776 quoque
653 742 788 766 annus
839 728 1071 776 legationes
1122 728 1378 767 Graecarum

151 790 387 828 ciuitatium
419 790 581 838 habuit,
613 790 763 829 Samiis
792 790 976 839 Iunonis,
1012 790 1106 830 Cois
1140 791 1379 840 Aesculapii

151 853 327 892 delubro
346 858 557 892 uetustum
579 854 685 902 asyli
706 854 769 892 ius
797 858 844 892 ut
872 855 1110 893 firmaretur
1128 854 1380 903 petentibus.

153 917 282 956 Samii
339 916 507 955 decreto
562 917 922 965 Amphictyonum
977 917 1234 965 nitebantur,
1289 917 1382 965 quis

116 994 132 1026 5
152 979 422 1029 praecipuum
449 979 532 1018 fnit
558 994 697 1018 reruni
723 980 908 1018 omnium
936 980 1148 1028 iudicium,
1174 994 1257 1028 qua
1279 984 1382 1019 tem-

152 1047 315 1092 pestate
335 1042 485 1082 Grraeci
506 1043 685 1081 conditis
704 1057 778 1091 per
799 1043 944 1081 Asiam
963 1042 1139 1081 urbibus
1165 1057 1238 1081 ora
1256 1043 1382 1081 maris

153 1107 435 1156 potiebantur.
492 1121 627 1155 neque
653 1106 795 1155 dispar
815 1106 927 1155 apud
949 1106 1053 1145 Coos
1079 1107 1321 1155 antiquitaS,
1343 1111 1384 1145 et

153 1171 385 1211 accedebat
418 1171 612 1210 meritum
647 1185 698 1209 ex
731 1170 842 1216 loco;
890 1184 987 1208 nam
1026 1170 1137 1209 ciues
1175 1170 1385 1209 Romanos

153 1235 309 1284 templo
355 1234 596 1284 Aesculapii
648 1234 917 1282 induxerant,
963 1247 1057 1272 cum
1110 1234 1222 1272 iussu
1274 1233 1386 1282 regis

101 1313 138 1334 10
155 1298 416 1338 Mithridatis
453 1298 565 1348 apud
603 1302 777 1337 cunctas
816 1298 941 1336 Asiae
979 1297 1137 1336 insulas
1174 1301 1215 1337 et
1258 1297 1384 1336 urbes

155 1362 481 1401 trucidarentur.
538 1361 665 1400 uariis
685 1361 836 1399 dehinc
863 1365 904 1399 et
925 1360 1088 1409 saepius
1111 1360 1247 1398 inritis
1267 1374 1384 1409 prae-

156 1431 294 1465 torum
332 1425 562 1474 questibus,
601 1429 808 1473 postremo
848 1424 1002 1463 Caesar
1038 1424 1090 1462 de
1136 1423 1385 1462 inmodestia

157 1489 405 1528 histrionum
419 1488 599 1526 rettulit:
622 1487 753 1525 multa
766 1487 820 1525 ab
834 1487 882 1525 iis
894 1487 937 1525 in
953 1487 1165 1536 publicum
1180 1487 1385 1535 seditiose,

156 1552 281 1592 foeda
296 1565 370 1601 per
382 1551 526 1589 domos
540 1550 736 1599 temptari
744 1567 753 1597 ;
775 1549 927 1588 Oscum
941 1549 1150 1597 quondam
1165 1549 1384 1598 ludicrum,

104 1633 139 1665 15
158 1616 392 1655 lenissimae
412 1614 525 1663 apud
548 1614 720 1661 uulgum
741 1612 1043 1659 oblectationis,
1065 1626 1111 1650 eo
1132 1611 1386 1660 flagitiorum

160 1684 201 1718 et
216 1678 367 1717 uirium
389 1677 563 1725 uenisse,
584 1680 631 1714 ut
646 1676 897 1714 auctoritate
919 1679 1083 1723 patrum
1107 1676 1383 1714 coercendum

161 1743 224 1782 sit.
281 1741 388 1791 pulsi
409 1746 497 1779 tum
518 1740 740 1778 histriones
760 1738 896 1777 Italia.

241 1806 310 1847 15.
366 1803 483 1842 Idem
517 1817 652 1841 annus
690 1802 770 1840 alio
808 1816 972 1850 quoque
1010 1802 1126 1840 luctu
1164 1801 1383 1840 Caesarem

161 1868 331 1916 adfecit,
369 1868 544 1906 alterum
594 1880 645 1905 ex
687 1866 862 1914 geminis
908 1865 1031 1903 Drusi
1068 1865 1210 1904 liberis
1254 1866 1387 1904 extin-

162 1931 340 1981 guendo,
370 1944 504 1979 neque
534 1930 669 1967 minus
695 1934 828 1967 morte
855 1928 988 1967 amici.
1044 1928 1077 1966 is
1096 1928 1178 1967 fuit
1204 1929 1388 1968 Lucilius

162 1996 344 2043 Longus,
382 1993 565 2031 omnium
604 1992 663 2029 illi
704 1991 884 2029 tristium
923 1991 1210 2039 laetorumque
1254 1991 1387 2029 socius

126 2071 351 2108 5unusque
385 2071 406 2095 e
440 2055 702 2094 senatoribus
733 2054 882 2093 Rhodii
914 2067 1097 2092 secessus
1126 2068 1272 2092 comes.
1329 2055 1387 2093 ita

163 2134 416 2171 quamquam
450 2133 559 2157 nouo
589 2118 744 2157 homini
780 2117 1011 2156 censorium
1042 2117 1180 2166 funus,
1209 2117 1387 2166 effigiem
