1464 2384
213 139 290 177 AB
328 132 587 179 EXOESSV
625 138 882 179 AVGVSTI
922 139 998 178 IV.
1037 139 1191 178 55—57
1275 139 1322 177 41

93 241 208 279 urbis
242 241 398 280 Romae
431 241 636 289 statuisse,
671 241 727 280 M.
764 242 910 280 Porcio
944 242 1125 290 consule,
1160 243 1325 290 magnis

93 305 261 353 quidem
280 305 364 343 iam
384 305 525 353 populi
547 305 723 343 Romani
745 306 883 353 rebus,
900 305 1087 343 nondum
1108 310 1249 344 tamen
1271 306 1325 344 ad

94 382 300 406 summum
325 368 457 416 elatis,
479 373 617 407 stante
643 369 781 407 adhuc
808 369 968 407 Punica
989 369 1091 407 urbe
1112 374 1154 408 et
1175 369 1327 407 ualidis

93 444 167 480 per
192 431 336 469 Asiam
356 431 537 480 regibus.
594 431 715 469 simul
738 431 781 469 L.
804 431 966 470 Sullam
986 436 1137 469 testem
1157 431 1319 470 adfere-

95 494 210 543 bant,
236 495 482 542 grauissimo
510 495 552 533 in
582 494 820 533 discrimine
850 494 1060 533 exercitus
1088 495 1141 533 ob
1171 494 1326 542 asperi-

95 562 226 598 tatem
253 558 401 597 hiemis
426 562 468 596 et
494 557 712 606 penuriam
738 557 878 605 uestis,
905 571 1000 596 cum
1026 556 1068 594 id
1098 556 1326 605 Zmyrnam

95 623 138 661 in
165 623 401 662 contionem
425 622 666 660 nuntiatum
691 620 813 667 foret,
834 634 977 658 omnes
1002 620 1073 668 qui
1097 620 1326 658 adstabant

96 685 326 724 detraxisse
373 685 535 733 corpori
582 683 770 732 tegmina
814 683 1047 731 nostrisque
1091 683 1328 731 legionibus

96 749 265 788 misisse.
320 749 380 787 ita
423 747 561 797 rogati
602 747 855 786 sententiam
892 751 1032 795 patres
1072 747 1328 796 Zmyrnaeos

96 810 343 859 praetulere.
381 809 624 858 censuitque
638 809 791 847 Vibius
807 809 986 857 Marsus,
1004 814 1050 847 ut
1066 808 1138 847 Μ’.
1156 809 1326 858 Lepido,

96 873 163 912 cui
178 887 227 912 ea
242 873 459 922 prouincia
475 873 718 920 obuenerat,
736 885 860 920 super
875 886 1097 911 numerum
1112 873 1329 920 legaretur

96 937 167 986 qui
196 937 341 986 templi
370 951 515 975 curam
545 935 784 984 susciperet.
841 940 883 974 et
908 936 1006 984 quia
1033 935 1216 985 Lepidus
1240 936 1328 984 ipse

97 999 281 1049 deligere
307 1013 381 1048 per
407 999 655 1038 modestiam
683 998 911 1047 abnuebat,
939 998 1136 1037 Valerius
1164 998 1278 1037 Naso
1307 1012 1328 1036 e

98 1064 318 1112 praetoriis
347 1068 458 1102 sorte
488 1063 637 1101 missus
665 1067 739 1102 est.

177 1127 250 1170 5¹7.
305 1127 424 1165 Inter
443 1140 562 1175 quae,
583 1126 655 1165 diu
676 1127 878 1166 meditato
899 1125 1145 1174 prolatoque
1165 1124 1330 1174 saepius

99 1191 282 1239 consilio,
333 1190 506 1229 tandem
559 1190 714 1229 Caesar
762 1191 806 1228 in
857 1189 1143 1238 Campaniam,
1193 1188 1329 1237 specie

99 1253 323 1292 dedicandi
352 1253 509 1302 templa
537 1253 650 1301 apud
679 1253 867 1302 Capuam
897 1252 1000 1301 Ioui,
1031 1252 1144 1301 apud
1177 1252 1329 1290 Nolam

99 1317 306 1365 Augusto,
341 1315 413 1354 sed
450 1320 590 1354 certus
622 1317 767 1365 procul
802 1316 906 1354 urbe
940 1315 1105 1363 degere.
1161 1329 1329 1353 causam

99 1379 315 1418 abscessus
341 1393 596 1427 quamquam
623 1384 790 1417 secutus
816 1378 1016 1427 plurimos
1037 1382 1256 1416 auctorum
1276 1377 1331 1416 ad

102 1442 241 1482 Seiani
270 1446 381 1481 artes
409 1442 566 1490 rettuli,
591 1442 689 1490 quia
718 1447 858 1480 tamen
890 1441 1017 1480 caede
1046 1441 1134 1479 eius
1162 1444 1331 1489 patrata

101 1520 173 1545 sex
200 1510 344 1555 postea
369 1520 501 1544 annos
527 1506 618 1554 pari
645 1511 804 1544 secreto
832 1505 1062 1553 coniunxit,
1086 1504 1331 1553 plerumque

101 1583 357 1618 pei-moneor,
374 1583 475 1607 num
491 1568 545 1607 ad
560 1569 696 1617 ipsum
711 1568 859 1607 referri
876 1568 1015 1607 uerius
1031 1568 1095 1616 sit,
1113 1566 1331 1606 saeuitiam

101 1646 150 1671 ac
173 1632 391 1671 libidinem
415 1645 510 1670 cum
529 1631 654 1670 factis
673 1636 895 1680 promeret,
916 1630 1017 1669 locis
1037 1630 1331 1669 occultantem.

101 1700 222 1734 erant
254 1695 325 1744 qm·
358 1695 577 1734 crederent
613 1695 658 1733 in
695 1699 910 1734 senectute
947 1694 1131 1743 corporis
1168 1708 1332 1742 quoque

101 1758 295 1796 habitum
331 1758 481 1807 pudori
512 1757 663 1806 fuisse3
706 1758 859 1807 quippe
892 1757 953 1795 illi
986 1757 1259 1806 praegracilis
1291 1760 1333 1795 et

102 1821 278 1860 incurua
314 1822 555 1870 proceritas,
589 1821 728 1859 nudus
765 1821 916 1869 capillo
949 1824 1111 1868 uertex,
1145 1819 1333 1858 ulcerosa

103 1883 232 1922 facies
257 1898 306 1922 ac
330 1884 575 1933 plerumque
600 1884 948 1923 medicaminibus
970 1883 1258 1930 interstincta3
1293 1886 1334 1921 et

106 1948 243 1986 Rhodi
281 1953 439 1987 secreto
477 1949 613 1987 uitare
647 1953 801 1996 coetus,
835 1948 1062 1987 recondere
1096 1947 1334 1996 uoluptates

103 2012 303 2050 insuerat.
349 2012 533 2050 traditur
549 2012 675 2051 etiam
690 2011 837 2050 matris
852 2011 1087 2060 inpotentia
1103 2015 1333 2058 extrusum,

105 2090 231 2124 quam
258 2075 553 2115 dominationis
582 2076 737 2114 sociam
765 2075 1073 2124 aspernabatur
1101 2088 1236 2123 neque
1265 2073 1334 2112 de-

105 2139 259 2188 pellere
297 2144 472 2188 poterat,
511 2154 605 2178 cum
643 2139 971 2178 dominationem
1008 2139 1141 2187 ipsam
1178 2137 1335 2176 donum

1350 442 1385 463 10

1350 761 1384 793 Ῑ5

1346 1076 1388 1097 20

1350 1388 1366 1420 5

1354 1711 1391 1732 10

1357 2024 1391 2056 Ι5
