1464 2384
104 104 154 141 30
465 101 741 141 CORNELII
779 100 973 141 TACITI

104 218 273 253 morem,
312 204 580 252 ingruentem
624 203 829 242 inuidiam
875 202 1137 251 deprecatur.
1193 215 1242 240 ac
1283 215 1335 240 ne

104 266 301 306 adsiduos
353 267 396 305 in
449 266 619 305 domum
669 270 812 305 coetus
857 265 1038 304 arcendo
1083 264 1336 314 infringeret

68 341 84 373 5
104 330 335 380 potentiam
361 334 434 368 aut
460 329 714 378 receptando
739 329 987 368 facultatem
1016 328 1336 367 criminantibus

103 393 338 442 praeberet,
366 392 447 430 huc
476 392 605 440 flexit,
632 396 679 430 ut
708 391 921 430 Tiberium
949 391 1004 430 ad
1032 391 1164 429 uitam
1190 390 1335 439 procul

104 458 237 496 Roma
275 456 460 495 amoenis
496 455 598 494 locis
631 455 869 504 degendam
901 455 1146 503 impelleret.
1202 454 1335 493 multa

104 520 256 569 quippe
273 519 544 568 prouidebat:
571 533 645 557 sua
660 518 702 556 in
718 532 846 556 manu
861 517 1000 557 aditus
1015 518 1335 566 litterarumque

104 597 259 632 magna
288 598 339 621 ex
368 586 487 631 parte
517 596 559 620 se
589 581 796 620 arbitrum
825 580 928 629 fore,
958 595 1053 620 cum
1081 595 1154 630 per
1182 581 1336 620 milites

49 662 86 684 10
103 651 408 695 commearent,
446 660 543 685 mox
574 645 795 685 Caesarem
825 649 1027 693 uergente
1055 644 1139 683 iam
1168 648 1336 683 senecta

103 715 345 759 secretoque
392 710 472 749 loci
523 709 724 748 mollitum
774 709 916 747 munia
962 708 1124 757 imperii
1169 708 1336 747 facilius

103 775 416 819 tramissurumg
447 777 488 812 et
514 773 645 810 minui
672 772 750 811 sibi
776 771 980 810 inuidiam
1006 771 1204 820 adempta
1227 771 1336 810 salu-

103 839 283 878 tantium
303 837 442 885 turba,
458 836 718 884 sublatisque
733 835 929 874 inanibus
945 849 1088 874 ueram
1103 834 1335 883 potentiam

103 901 260 949 augeri.
315 900 446 948 igitur
483 899 685 947 paulatim
724 898 894 946 negotia
927 897 1054 946 urbis,
1088 897 1229 946 populi
1262 896 1334 935 ad-

48 975 82 1008 15
103 980 260 1013 cursus,
277 964 590 1003 multitudinem
612 962 888 1001 adfluentium
908 961 1111 1010 increpat,
1128 961 1335 1000 extollens

103 1028 298 1067 laudibus
324 1028 506 1076 quietem
534 1031 575 1065 et
599 1025 879 1074 solitudinem,
904 1025 996 1073 quis
1023 1024 1167 1063 abesse
1193 1023 1334 1063 taedia

107 1097 149 1131 et
168 1092 418 1131 offensiones
439 1105 487 1129 ac
508 1090 733 1140 praecipua
753 1103 893 1128 rerum
913 1088 1094 1126 maxime
1115 1088 1280 1136 agitari.

180 1155 253 1195 42.
309 1154 372 1192 Ac
406 1153 515 1191 forte
548 1152 696 1191 habita
729 1165 803 1200 per
834 1151 926 1188 illos
956 1149 1044 1188 dies
1073 1149 1124 1188 de
1152 1148 1333 1188 Votieno

103 1219 319 1265 Montano,
341 1217 516 1256 celebris
541 1216 698 1264 ingenii
725 1216 828 1263 uiro,
853 1214 1037 1262 cognitio
1063 1217 1333 1252 cunctantem

101 1282 185 1321 iam
211 1281 422 1321 Tiberium
448 1280 630 1329 perpulit
658 1283 703 1317 ut
730 1278 925 1317 uitandos
951 1277 1140 1316 crederet
1163 1280 1331 1325 patrum

102 1350 244 1385 coetus
281 1359 499 1393 uocesque,
533 1358 640 1393 quae
674 1344 918 1399 plerumque
951 1356 1076 1380 uerae
1109 1344 1150 1379 et
1183 1354 1334 1388 graues

65 1428 82 1460 5
102 1424 243 1449 coram
286 1408 601 1457 ingerebantur.
666 1420 760 1444 nam
806 1405 1016 1455 pOstulato
1054 1404 1235 1443 Votieno
1279 1403 1332 1442 ob

102 1473 376 1513 contumelias
409 1473 452 1510 in
487 1470 709 1511 Caesarem
743 1469 889 1516 dictas,
923 1468 1041 1506 testis
1075 1466 1278 1505 Aemilius
1311 1480 1333 1505 e

101 1537 353 1575 militaribus
379 1536 480 1574 uiris
507 1535 606 1573 dum
634 1533 771 1572 studio
798 1531 1004 1581 probandi
1028 1536 1180 1569 cuncta
1203 1529 1334 1568 refert

101 1604 143 1639 et
156 1613 408 1648 quamquam
423 1598 534 1636 inter
547 1597 835 1644 obstrepentes
848 1607 1002 1642 magna
1015 1592 1332 1631 adseueratione

101 1662 262 1710 nititur,
292 1660 456 1699 audiuit
484 1659 675 1697 Tiberius
704 1657 870 1706 probra,
899 1655 992 1704 quis
1020 1668 1094 1703 per
1122 1654 1331 1692 occultum

46 1748 82 1769 10
100 1726 380 1773 lacerabatur,
407 1724 594 1772 adeoque
620 1722 834 1771 perculsus
861 1724 923 1759 est
948 1723 994 1757 ut
1023 1732 1065 1757 se
1094 1717 1161 1756 uel
1190 1717 1331 1755 statim

101 1790 167 1828 uel
188 1790 231 1828 in
252 1788 490 1837 cognitione
507 1790 786 1836 purgaturum
804 1782 1040 1822 clamitaret
1056 1781 1331 1830 precibusque

102 1852 398 1902 proximorum,
426 1849 668 1889 adulatione
697 1847 882 1886 omnium
911 1859 1036 1893 aegre
1065 1848 1332 1892 componeret

101 1917 299 1956 animum.
360 1919 401 1954 et
446 1914 652 1953 Votienus
698 1911 867 1960 quidem
913 1908 1144 1947 maiestatis
1190 1907 1332 1956 poenis

101 1980 293 2019 adfectus
331 1982 414 2017 est:
464 1976 618 2016 Caesar
655 1975 861 2013 obiectam
895 1972 972 2011 sibi
1006 1971 1208 2010 aduersus
1240 1984 1332 2009 reos

46 2061 80 2093 15
100 2043 410 2082 inclementiam
455 2056 502 2079 eo
546 2039 805 2088 peruicacius
849 2037 1078 2086 amplexus,
1116 2034 1330 2083 Aquiliam

101 2106 295 2145 adulterii
341 2105 522 2143 delatam
570 2117 662 2141 cum
701 2101 832 2139 Vario
870 2100 1038 2147 Ligure,
1076 2111 1329 2146 quamquam
