1464 2384
241 96 319 136 AB
358 95 615 136 EXCEssV
654 96 910 136 AVGVs'rl
951 98 1027 137 IV.
1064 98 1218 137 62—67
1300 96 1349 136 47

117 196 279 246 ignium
322 198 386 236 bis
429 198 615 247 elapsam
651 198 829 237 maiores
867 199 979 248 apud
1017 200 1165 238 aedem
1203 200 1350 239 matris

119 261 244 300 deum
265 261 583 300 consecrauisse.
631 266 798 300 sanctos
813 267 1088 311 acceptosque
1109 263 1350 301 numinibus

121 323 319 364 Claudios
361 328 403 364 et
439 325 678 373 augendam
716 326 1011 364 caerimoniam
1050 327 1150 375 loco,
1188 327 1231 365 111
1269 342 1349 375 quo

120 390 285 427 tantum
314 387 356 426 in
384 387 614 436 principem
643 387 843 426 honorem
872 388 913 427 di
943 389 1214 428 ostenderint.

200 451 271 492 65.
327 450 455 488 Haud
474 449 603 489 fuerit
622 451 853 490 absurdum
874 452 1040 491 tradere
1056 458 1239 492 montem
1256 467 1349 492 eum

120 513 352 562 antiquitus
373 512 762 562 Querquetulanum
783 519 1060 562 cognomento
1079 515 1218 563 fuisse,
1239 515 1350 564 quod

120 577 217 616 talis
242 576 371 615 siluae
394 575 592 625 frequens
611 577 901 626 fecundusque
921 582 1023 626 erat,
1044 593 1141 617 mox
1162 578 1348 617 Caelium

120 640 413 690 appellitatum
433 654 458 678 a
478 639 602 680 Caele
623 640 832 689 Vibenna‚
849 641 917 689 qui
940 640 1027 679 dux
1048 641 1186 689 gentis
1206 641 1350 680 Etrus-

120 718 194 744 cae
219 718 314 743 cum
340 703 543 742 auxilium
570 704 833 752 portauisset,
854 704 995 743 sedem
1019 719 1110 743 eam
1131 710 1350 754 acceperat

120 783 145 808 a
164 767 390 817 Tarquinio
411 767 566 815 Prisco,
588 782 660 806 seu
679 769 771 816 quis
791 768 897 807 alius
917 783 1065 817 regum
1085 769 1224 814 dedit3
1252 784 1349 808 nam

121 831 344 880 scriptores
380 829 424 868 in
457 843 504 868 eo
538 829 802 869 dissentiunt.
859 835 999 870 cetera
1032 846 1116 869 non
1150 832 1350 880 ambigua

120 898 229 943 sunt,
262 908 438 942 magnas
476 907 546 932 eas
579 894 719 943 copias
751 909 824 943 per
858 895 984 944 plana
1018 895 1145 934 etiam
1178 910 1225 934 ac
1258 896 1350 935 foro

120 956 353 1005 propinqua
378 955 648 1004 habitauisse‚
672 957 783 996 unde
810 958 990 996 Tuscum
1016 958 1155 997 uicum
1182 973 1203 997 e
1229 973 1350 998 uoca-

120 1020 219 1060 bulo
240 1019 501 1059 aduenarum
522 1019 693 1058 dictum.

199 1085 269 1126 66.
327 1083 410 1123 Sed
438 1087 483 1121 ut
503 1083 643 1122 studia
662 1098 881 1133 procerum
901 1089 943 1123 et
962 1085 1131 1134 largitio
1152 1086 1350 1135 principis

121 1146 345 1185 aduersum
374 1160 494 1185 casus
523 1147 721 1185 solacium
748 1148 947 1197 tulerant,
973 1148 1033 1187 ita
1058 1154 1349 1189 accusatorum

121 1210 253 1249 maior
277 1209 320 1248 in
347 1209 434 1248 dies
460 1214 502 1248 et
527 1209 719 1249 infestior
738 1211 801 1249 uis
821 1211 909 1250 sine
929 1212 1166 1251 leuamento
1187 1227 1350 1261 grassa-

120 1274 269 1318 batur3
307 1273 649 1322 corripueratque
683 1273 845 1312 Varum
880 1274 1141 1324 Quintilium,
1176 1276 1348 1315 diuitem

1373 214 1407 246 15

1374 1035 1410 1056 10

120 1341 161 1377 et
206 1336 375 1376 Caesari
412 1337 704 1385 propinquum,
744 1337 953 1376 Domitius
990 1338 1108 1386 Afer,
1148 1338 1350 1379 Claudiae
1370 1355 1386 1386 5

120 1401 328 1440 Pulchrae
364 1400 510 1439 matris
548 1401 635 1439 eius
673 1401 986 1451 condemnator,
1022 1403 1137 1441 nullo
1170 1403 1349 1442 mirante

120 1464 233 1514 quod
262 1465 334 1503 diu
363 1479 492 1513 egens
520 1468 561 1503 et
590 1469 711 1513 parto
739 1480 873 1514 nuper
902 1467 1086 1515 praemio
1115 1468 1223 1506 male
1252 1482 1350 1506 usus

120 1529 242 1577 plura
288 1528 343 1566 ad
390 1527 552 1576 flagitia
598 1528 903 1576 accingeretur.
992 1530 1037 1569 P.
1086 1531 1349 1570 Dolabellam

121 1592 277 1631 socium
304 1591 526 1631 delationis
550 1592 737 1631 extitisse
764 1593 965 1633 miraculo
986 1599 1087 1644 erat,
1109 1596 1207 1644 quia
1227 1596 1351 1635 claris

121 1655 347 1694 maioribus
380 1659 422 1694 et
455 1655 570 1693 Varo
600 1669 782 1694 conexus
811 1670 928 1695 suam
958 1657 1045 1706 ipse
1073 1658 1348 1708 nobilitatem,

122 1732 242 1757 suum
267 1717 514 1766 sanguinem
541 1717 751 1766 perditum
779 1718 880 1757 ibat.
935 1720 1091 1759 restitit
1119 1724 1260 1760 tamen
1290 1736 1349 1760 se-

121 1785 245 1819 natus
283 1784 324 1819 et
362 1779 664 1828 opperiendum
700 1780 996 1830 imperatorem
1030 1784 1204 1833 censuit,
1238 1785 1348 1833 quod

121 1859 250 1882 unum
288 1843 559 1892 urguentium
596 1844 801 1883 malorum
839 1846 1068 1894 suffugium
1105 1847 1148 1885 111
1186 1851 1350 1897 tempus

122 1912 224 1946 erat.

202 1970 271 2012 67.
327 1970 386 2008 At
401 1969 567 2019 Caesar,
581 1970 785 2009 dedicatis
798 1985 871 2019 per
885 1970 1158 2020 Campaniam
1171 1974 1348 2023 templis,

122 2046 375 2082 quamquam
409 2032 546 2071 edicto
579 2033 817 2082 monuisset,
848 2048 899 2072 ne
931 2034 1023 2082 quis
1051 2035 1233 2083 quietem
1262 2037 1349 2075 eius

122 2096 392 2144 inrumperet,
437 2110 744 2145 concursusque
795 2097 1099 2146 oppidanorum
1150 2098 1349 2147 disposito

1373 1674 1408 1696 10
