1464 2384
239 662 459 710 Chapters
490 663 696 700 68-752
737 663 907 699 Events
938 662 988 699 of
1014 662 1074 698 28
1098 661 1204 698 A.D.

187 791 257 834 68.
319 792 440 831 Iunio
486 792 628 831 Silano
673 796 713 830 et
759 791 860 830 Silio
904 791 1048 830 Nerua
1095 791 1335 830 consulibus

105 854 276 894 foedum
302 856 401 894 anni
427 856 678 905 principium
703 855 873 894 incessit
898 858 1034 894 tracto
1058 855 1101 893 in
1124 869 1335 894 carcerem

106 918 271 956 inlustri
300 919 439 967 equite
470 919 670 967 Romano,
700 918 793 957 Tito
825 918 994 966 Sabino,
1023 918 1075 957 ob
1106 918 1334 957 amicitiam

106 980 342 1020 Germanici
357 994 366 1026 ;
386 996 520 1030 neque
534 982 643 1021 enim
657 981 853 1020 omiserat
866 982 1086 1030 coniugem
1098 982 1334 1030 liberosque

106 1043 193 1082 eius
219 1044 441 1093 percolere,
463 1050 644 1083 sectator
669 1045 793 1094 domi,
815 1059 951 1084 comes
975 1045 1018 1083 in
1042 1045 1221 1094 publico,
1242 1050 1335 1094 post
1355 1052 1371 1085 5

107 1111 170 1146 tot
207 1108 380 1147 clientes
418 1123 525 1147 1111118
562 1123 692 1157 eoque
731 1109 842 1157 apud
881 1109 1010 1147 bonos
1051 1109 1249 1148 laudatus
1292 1113 1334 1148 et

106 1172 247 1219 grauis
262 1172 426 1221 iniquis.
473 1172 585 1210 hunc
606 1172 797 1210 Latinius
819 1172 1010 1221 Latiaris,
1028 1172 1199 1211 Porcius
1216 1172 1334 1217 Cato,

107 1235 280 1274 Petilius
309 1236 458 1284 Rufus,
485 1236 542 1275 M.
571 1236 721 1285 Opsius
750 1241 948 1285 praetura
976 1236 1112 1275 functi
1138 1236 1333 1285 adgredi-

105 1303 245 1348 untur,
276 1299 470 1348 cupidine
504 1300 755 1348 consulatus,
786 1299 840 1338 ad
874 1313 997 1347 quem
1029 1313 1114 1337 non
1147 1299 1225 1337 nisi
1259 1314 1333 1348 per

107 1362 304 1401 Seianum
330 1363 491 1407 aditus3
519 1377 653 1412 neque
682 1363 821 1402 Seiani
849 1363 1044 1402 uoluntas
1070 1363 1148 1402 nisi
1178 1363 1332 1403 scelere
1354 1379 1392 1402 10

105 1427 397 1475 quaerebatur.
464 1427 737 1475 compositum
774 1426 885 1465 inter
916 1426 1025 1475 ipsos
1058 1431 1105 1465 ut
1138 1427 1331 1476 Latiaris,

104 1490 174 1539 qui
187 1490 349 1529 modico
366 1504 442 1528 usu
459 1490 663 1529 Sabinum
679 1489 964 1538 contingebat,
981 1493 1161 1529 strueret
1176 1490 1331 1540 dolum,

105 1554 232 1593 ceteri
245 1558 370 1593 testes
384 1553 589 1601 adessent,
598 1553 749 1592 deinde
762 1553 1071 1592 accusationem
1084 1554 1330 1603 inciperent.

102 1616 234 1666 igitur
249 1617 429 1656 Latiaris
443 1617 579 1656 iacere
594 1616 790 1656 fortuitos
806 1617 985 1666 primum
998 1631 1219 1666 sermones,
1233 1632 1331 1657 mox

103 1680 277 1719 laudare
310 1680 601 1728 constantiam,
630 1679 742 1728 quod
775 1694 870 1728 non,
900 1684 946 1718 ut
975 1680 1115 1729 ceteri,
1145 1680 1330 1720 florentis
1351 1693 1388 1728 15

104 1744 251 1782 domus
279 1743 436 1782 amicus
465 1743 679 1782 adfiictam
708 1742 957 1782 deseruisset
972 1755 981 1787 3
1019 1743 1140 1781 simul
1168 1743 1329 1783 honora

104 1806 155 1845 de
198 1806 458 1854 Germanico,
503 1806 782 1855 Agrippinam
827 1806 1039 1855 miserans,
1084 1806 1328 1846 disserebat.

103 1875 145 1909 et
173 1874 393 1919 postquam
424 1869 616 1917 Sabinus,
645 1874 689 1908 ut
719 1874 816 1908 sunt
843 1870 988 1908 molles
1015 1870 1058 1908 in
1088 1870 1329 1910 calamitate

103 1933 342 1972 mortalium
379 1933 519 1982 animi,
553 1933 703 1972 effudit
735 1933 940 1977 lacrimas,
973 1933 1111 1971 iunxit
1145 1938 1327 1982 questus,

103 1996 326 2036 audentius
340 1996 423 2035 iam
439 2001 585 2035 onerat
603 1996 812 2045 Seianum,
829 1997 1059 2046 saeuitiam,
1076 1998 1327 2046 superbiam,
1345 2010 1387 2032 20

103 2073 195 2108 spes
214 2060 312 2099 eius.
358 2074 410 2099 ne
429 2060 473 2098 111
493 2059 704 2098 Tiberium
724 2060 893 2109 quidem
913 2060 1100 2099 conuicio
1120 2061 1327 2106 abstinet3

101 2123 212 2172 iique
232 2137 451 2172 sermones,
467 2128 682 2172 tamquam
703 2124 834 2162 uetita
854 2124 1127 2173 miscuissent,
1149 2124 1327 2173 speciem

191 2204 222 2227 E.
241 2204 270 2228 Τ.
1215 2199 1236 2228 4
