1464 2384
247 117 323 155 AB
362 116 617 156 EXOESSV
656 115 913 155 AVGVSTI
952 114 1029 154 IV.
1067 115 1222 153 36—39
1303 113 1352 153 27

121 218 444 268 adiungebatur.
501 224 698 267 ceterum,
729 222 774 256 ut
803 218 928 256 semel
957 218 1159 266 recepisse
1186 217 1353 256 ueniam

121 282 329 332 habuerit,
349 283 408 321 ita
437 296 579 321 omnes
608 296 681 331 per
710 282 946 330 prouincias
973 282 1109 329 effigie
1136 282 1353 319 numinum

122 347 277 385 sacrari
304 347 583 395 ambitiosum,
604 346 828 395 superbum
843 363 851 392 ;
882 351 923 384 et
951 350 1148 384 uanescet
1168 345 1350 393 Augusti

124 409 268 459 honor,
290 411 322 448 si
343 410 558 459 promiscis
578 409 893 448 adulationibus
913 409 1126 457 uulgatur.

201 474 271 516 38.
328 471 441 522 ‘Ego
474 487 552 521 me,
582 477 722 521 patres
751 472 988 521 conscripti,
1018 473 1237 511 mortalem
1266 486 1353 510 esse

121 540 163 574 et
190 536 404 575 hominum
434 536 568 575 officia
596 536 720 584 fungi
747 536 930 584 satisque
958 536 1126 584 habere,
1154 536 1185 573 si
1215 536 1350 574 locum

121 599 348 647 principem
396 599 605 647 impleam,
645 603 687 638 et
734 613 807 637 uos
853 604 985 637 testor
1031 603 1072 637 et
1118 599 1353 637 meminisse

121 666 307 710 posteros
340 663 456 710 uolo;
500 663 570 711 qui
604 663 705 701 satis
739 676 945 711 superque
979 663 1203 701 memoriae
1237 676 1353 700 meae

121 726 320 775 tribuent,
334 732 381 765 ut
396 727 625 765 maioribus
640 727 741 765 meis
757 726 945 775 dignum,
962 740 1102 764 rerum
1119 731 1352 764 uestrarum
1374 743 1390 775 5

121 789 353 837 prouidum,
381 793 643 828 constantem
670 789 711 827 in
739 789 947 838 periculis,
975 789 1252 828 offensionum
1279 803 1354 837 pro

120 853 303 891 utilitate
332 852 500 901 publica
528 866 611 890 non
643 852 844 901 pauidum
874 852 1063 891 credant.
1118 853 1223 891 haec
1252 852 1353 890 mihi

119 916 161 954 111
178 917 327 955 animis
346 917 496 955 uestris
517 916 685 965 templa,
706 916 786 955 hae
806 916 1114 965 pulcherrimae
1135 916 1293 964 effigies
1313 920 1355 954 et

119 995 353 1019 mansurae.
409 995 507 1018 nam
540 994 647 1028 quae
683 995 784 1019 saxo
819 984 1053 1029 struuntur,
1087 981 1120 1019 si
1153 980 1354 1018 iudicium

121 1048 377 1092 posterorum
401 1044 443 1082 in
465 1044 604 1083 odium
627 1044 767 1092 uertit,
778 1058 852 1093 pro
869 1044 1069 1093 sepulcris
1086 1050 1354 1093 spernuntur.
1378 1062 1414 1084 10

122 1107 295 1156 proinde
317 1108 447 1146 socios
468 1108 580 1146 ciues
601 1112 642 1146 et
662 1108 760 1147 deos
780 1108 889 1157 ipsos
910 1122 1068 1157 precor,
1090 1108 1167 1146 hos
1186 1112 1234 1146 ut
1253 1108 1354 1146 mihi

119 1170 174 1208 ad
188 1170 311 1209 finem
327 1184 456 1218 usque
470 1170 582 1209 uitae
596 1171 780 1219 quietam
795 1175 837 1209 et
850 1171 1167 1219 intellegentem
1181 1171 1354 1210 humani

121 1233 337 1282 diuinique
371 1234 472 1272 iuris
505 1239 687 1273 mentem
722 1235 856 1283 duint,
885 1235 978 1272 illos
1013 1238 1070 1283 ut,
1101 1235 1353 1283 quandoque

119 1311 371 1345 concessero,
393 1311 486 1335 cum
508 1297 632 1335 laude
653 1302 695 1336 et
714 1297 836 1336 bonis
855 1296 1220 1336 recordationibus
1239 1298 1354 1336 facta

118 1364 245 1407 atque
260 1359 417 1397 famam
431 1359 610 1398 nominis
622 1359 701 1398 mei
717 1358 1050 1408 prosequantur.'
1088 1360 1354 1409 perstititque
1378 1381 1412 1412 15

119 1421 292 1470 posthac
327 1422 495 1460 secretis
528 1422 655 1460 etiam
689 1422 952 1461 sermonibus
981 1423 1197 1470 aspernari
1227 1423 1353 1462 talem

119 1485 180 1523 sui
194 1485 365 1523 cultum.
405 1485 517 1533 quod
530 1485 598 1523 alii
614 1485 872 1533 modestiam,
881 1485 1014 1532 multi,
1023 1485 1121 1533 quia
1134 1485 1354 1534 diffideret,

118 1548 289 1596 quidam
316 1552 363 1586 ut
389 1548 609 1597 degeneris
635 1548 763 1586 animi
790 1547 1193 1596 interpretabantur.
1251 1549 1355 1598 opti-

120 1626 207 1650 mos
219 1612 372 1661 quippe
385 1612 625 1651 mortalium
638 1612 842 1650 altissima
855 1626 1006 1661 cupere
1019 1629 1028 1660 3
1056 1613 1113 1650 sic
1128 1613 1355 1651 Herculem

118 1679 159 1713 et
187 1675 384 1714 Liberum
410 1674 523 1724 apud
544 1675 738 1723 Graecos,
761 1674 981 1724 Quirinum
1002 1675 1114 1724 apud
1134 1690 1210 1714 nos
1230 1676 1354 1715 deum
1375 1696 1414 1718 20

118 1752 292 1777 numero
325 1738 513 1786 additos5
548 1738 696 1777 melius
729 1739 971 1787 Augustum
1005 1739 1076 1787 qui
1109 1740 1354 1788 sperauerit.

118 1806 258 1840 cetera
278 1801 536 1850 principibus
556 1801 699 1840 statim
715 1801 881 1840 adesse:
912 1816 1043 1840 unum
1058 1802 1355 1842 insatiabiliter

119 1863 366 1913 parandum,
405 1877 646 1912 prosperam
692 1864 753 1903 sui
797 1864 1063 1912 memoriam3
1116 1879 1214 1903 nam
1259 1879 1354 1904 con-

117 1932 281 1976 temptu
309 1928 447 1966 famae
477 1928 689 1967 contemni
718 1928 908 1967 uirtutes.

197 1990 269 2032 39.
326 1990 385 2028 At
407 1990 597 2039 Seianus,
614 1990 743 2029 nimia
759 1990 932 2029 fortuna
947 2004 1085 2029 socors
1101 1996 1142 2030 et
1158 1991 1352 2030 muliebri

116 2054 288 2103 insuper
313 2054 508 2103 cupidine
534 2055 740 2104 incensus,
767 2055 1014 2104 promissum
1040 2056 1351 2094 matrimonium

119 2119 338 2168 flagitante
369 2120 502 2168 Liuia,
531 2120 744 2169 componit
774 2121 828 2159 ad
859 2121 1080 2160 Caesarem
1115 2122 1350 2170 codicillos;
