1464 2384
112 113 137 152 4
476 111 752 152 CORNELII
790 111 984 152 TAOITI

112 219 258 264 captas
294 215 514 263 Augustus
546 214 589 253 in
621 214 820 263 oppidum
852 213 1135 253 Foroiuliense
1171 213 1342 253 miserat

76 289 92 322 5
113 278 253 317 ualido
273 293 368 318 cum
388 279 557 326 remige.
614 278 686 317 sed
706 278 979 327 praecipuum
997 277 1126 316 robur
1147 277 1341 316 Rhenum

112 343 243 390 iuxta,
273 355 490 380 commune
516 341 559 379 in
586 341 818 380 Germanos
844 340 1068 389 Gallosque
1098 339 1342 388 subsidium,

113 410 206 444 octo
238 405 423 454 legiones
456 409 587 444 erant.
644 405 873 454 Hispaniae
904 417 1048 443 recens
1085 403 1343 452 perdomitae

112 468 248 507 tribus
284 467 564 507 habebantur.
638 467 810 506 Mauros
854 466 962 505 Iuba
1005 480 1080 505 rex
1123 469 1344 514 acceperat

113 531 270 570 donum
306 531 449 580 populi
493 530 682 569 Romani.
739 534 879 569 cetera
916 528 1090 568 Africae
1128 542 1202 577 per
1239 527 1344 580 duas

59 611 96 632 10
112 595 298 644 legiones
317 595 491 644 parique
511 608 684 633 numero
710 594 946 643 Aegyptus,
967 592 1120 632 dehinc
1146 591 1264 630 initio
1289 591 1344 630 ab

115 658 263 698 Suriae
282 672 412 706 usque
433 657 487 696 ad
507 657 662 696 flumen
678 657 936 706 Euphraten,
957 660 1163 705 quantum
1181 654 1344 703 ingenti

113 725 321 759 terrarum
342 721 434 759 sinu
454 720 651 768 ambitur,
672 724 874 768 quattuor
892 718 1130 768 legionibus
1151 717 1344 766 coercita,

114 784 266 823 accolis
293 784 453 823 Hibero
481 784 731 832 Albanoque
758 787 799 821 et
825 783 916 821 aliis
936 782 1118 831 regibus,
1139 781 1209 830 qui
1230 795 1345 830 mag-

114 847 306 886 nitudine
335 851 478 885 nostra
506 850 787 895 proteguntur
816 846 1040 884 aduersum
1069 848 1243 884 externa
1272 844 1346 882 im-

60 929 94 962 15
115 911 242 959 peria.
299 915 340 950 et
366 911 612 949 Thraeciam
634 909 952 948 Rhoemetalces
973 923 1021 947 ac
1048 907 1169 946 liberi
1190 906 1346 956 Cotyis,

115 975 332 1024 ripamque
354 975 538 1013 Danuuii
558 974 768 1022 legionum
791 973 898 1012 duae
917 973 961 1011 in
988 971 1218 1020 Pannonia,
1239 971 1347 1010 duae

116 1040 158 1077 in
173 1040 333 1079 Moesia
345 1039 597 1087 attinebant,
606 1038 781 1077 totidem
798 1037 911 1086 apud
921 1037 1174 1076 Delmatiam
1189 1036 1348 1085 locatis,

116 1118 223 1154 quae
252 1103 389 1152 positu
418 1102 600 1151 regionis
629 1116 653 1140 a
676 1106 796 1149 tergo
822 1101 916 1148 illis,
945 1114 994 1139 ac
1021 1101 1053 1139 si
1082 1101 1347 1150 repentinum

118 1168 322 1208 auxilium
360 1166 487 1205 Italia
525 1169 725 1214 posceret,
764 1164 877 1203 haud
915 1164 1059 1213 procul
1098 1164 1348 1212 accirentur,

59 1251 97 1272 20
118 1245 375 1281 quamquam
401 1228 601 1268 insideret
628 1228 774 1266 urbem
804 1227 995 1276 proprius
1021 1227 1151 1276 miles,
1172 1232 1256 1266 tres
1282 1242 1348 1265 ur-

118 1295 267 1343 banae,
300 1307 451 1332 nouem
489 1291 723 1341 praetoriae
762 1290 965 1338 cohortes,
1004 1290 1175 1329 Etruria
1217 1290 1349 1330 ferme

119 1357 380 1405 Vmbriaque
419 1355 606 1394 delectae
644 1359 718 1393 aut
756 1358 897 1392 uetere
935 1353 1055 1392 Latio
1093 1358 1134 1392 et
1178 1354 1350 1392 coloniis

119 1420 352 1468 antiquitus
382 1418 593 1457 Romanis.
650 1422 693 1455 at
719 1416 832 1466 apud
860 1416 1011 1454 idonea
1040 1416 1350 1465 prouinciarum

121 1484 256 1523 sociae
282 1482 472 1520 triremes
499 1481 673 1528 alaeque
699 1484 740 1518 et
767 1479 923 1518 auxilia
951 1479 1195 1528 cohortium,
1217 1494 1351 1528 neque

64 1563 101 1596 25
120 1546 253 1585 multo
266 1559 384 1584 secus
396 1544 438 1582 in
452 1544 501 1582 iis
515 1543 666 1581 uirium
675 1560 683 1590 ;
701 1542 773 1581 sed
786 1542 977 1591 persequi
991 1542 1197 1581 incertum
1210 1542 1351 1592 fuerit,

122 1625 216 1650 cum
246 1624 297 1649 ex
326 1623 402 1647 usu
431 1607 629 1655 temporis
656 1606 737 1645 huc
765 1606 864 1644 illuc
895 1610 1096 1652 mearent,
1127 1606 1352 1653 gliscerent

122 1687 295 1712 numero
324 1676 365 1711 et
394 1669 620 1719 aliquando
650 1669 948 1708 minuerentur.

201 1736 242 1778 6.
298 1734 544 1781 Congruens
565 1731 813 1771 crediderim
833 1745 1048 1770 recensere
1068 1736 1228 1770 ceteras
1254 1746 1353 1780 quo-

123 1812 203 1848 que
222 1798 283 1836 rei
308 1797 501 1846 publicae
528 1800 681 1846 partes,
708 1795 860 1843 quibus
886 1794 1019 1832 modis
1045 1794 1099 1832 ad
1130 1807 1221 1832 eam
1242 1794 1353 1833 diem

122 1861 294 1900 habitae
332 1860 426 1907 sint,
464 1858 661 1908 quoniam
698 1857 863 1896 Tiberio
901 1856 1051 1895 mutati
1090 1856 1133 1894 in
1170 1856 1353 1896 deterius

123 1924 382 1974 principatus
401 1923 566 1961 initium
592 1922 662 1960 ille
688 1934 823 1960 annus
849 1920 1004 1959 attulit.
1060 1920 1144 1958 iam
1172 1920 1353 1968 primum

88 2009 105 2040 5
124 1988 293 2037 publica
312 1986 482 2035 negotia
508 1990 550 2024 et
576 1985 836 2034 priuatorum
865 1983 1050 2022 maxima
1076 1983 1189 2032 apud
1214 1988 1354 2032 patres

124 2050 433 2097 tractabantur,
454 2048 720 2095 dabaturque
740 2046 992 2095 primoribus
1012 2045 1226 2094 disserere,
1247 2050 1288 2084 et
1311 2045 1355 2084 in

125 2113 411 2154 adulationem
448 2112 585 2160 lapsos
623 2110 849 2150 cohibebat
884 2109 973 2158 ipse
985 2126 994 2157 ;
1042 2109 1357 2158 mandabatque
