1464 2384
106 119 130 156 6
469 114 745 154 CORNELII
783 113 976 153 TAOITI

107 232 278 256 manum
310 216 485 263 milites;
523 214 636 253 cerni
666 214 846 263 effigiem
878 214 966 253 eius
992 215 1036 253 in
1068 214 1334 253 monimentis

109 282 183 321 Cn.
211 280 380 330 Pompei
394 297 404 328 3
442 293 682 318 communes
708 279 770 317 illi
795 292 890 317 cum
914 278 1076 318 familia
1102 279 1334 317 Drusorum

107 345 197 384 fore
230 348 423 393 nepotes:
462 341 717 391 precandam
744 345 837 390 post
863 341 968 380 haec
1000 341 1259 389 modestiam,
1289 344 1336 379 ut

111 412 331 448 contentus
374 410 493 446 esset.
550 420 684 454 neque
721 420 817 444 raro
854 418 989 454 neque
1027 405 1139 454 apud
1182 418 1336 454 paucos

56 480 91 512 15
110 472 213 511 talia
232 471 426 518 iaciebat,
448 474 489 508 et
509 472 670 508 secreta
690 482 854 517 quoque
880 468 968 507 eius
988 472 1185 516 corrupta
1205 481 1335 506 uxore

110 535 408 584 prodebantur.

190 597 228 638 8.
285 595 423 644 Igitur
469 595 644 634 Seianus
684 594 983 632 maturandum
1026 598 1144 632 ratus
1189 593 1339 643 deligit

112 674 332 708 uenenum,
361 672 442 707 quo
471 657 673 707 paulatim
699 657 917 706 inrepente
944 657 1144 696 fortuitus
1169 658 1340 696 morbus

111 724 447 764 adsimularetur.
502 721 545 759 id
583 721 720 759 Druso
753 721 899 759 datum
932 735 1005 769 per
1024 721 1221 769 Lygdum
1250 734 1341 770 spa-

112 789 275 835 donem,
307 790 354 824 ut
377 790 471 823 octo
495 789 587 833 post
615 798 747 823 annos
780 784 995 832 cognitum
1026 788 1098 822 est.
1156 787 1341 822 ceterum

77 861 93 893 5
112 849 304 890 Tiberius
323 863 397 898 per
422 862 564 886 omnes
593 846 845 886 ualetudinis
864 846 952 885 eius
972 846 1070 894 dies,
1091 846 1206 884 nullo
1227 850 1341 885 metu

114 931 168 954 an
188 919 234 953 ut
254 912 554 952 firmitudinem
581 911 709 950 animi
733 915 975 959 ostentaret,
996 911 1121 950 etiam
1142 910 1342 949 defuncto

114 977 294 1018 necdum
321 976 495 1025 sepulto,
521 975 679 1013 curiam
705 974 918 1023 ingressus
944 978 1016 1013 est.
1073 974 1343 1022 consulesque

116 1041 213 1081 sede
234 1039 400 1088 uulgari
419 1053 493 1087 per
512 1038 691 1087 speciem
711 1037 945 1076 maestitiae
966 1037 1157 1076 sedentes
1176 1037 1345 1076 honoris

116 1105 280 1153 locique
308 1102 539 1150 admonuit,
569 1106 610 1140 et
643 1101 822 1141 effusum
851 1101 894 1139 in
927 1101 1121 1140 lacrimas
1154 1106 1345 1140 senatum

62 1182 100 1204 10
118 1168 229 1207 uicto
262 1167 422 1216 gemitu
455 1165 576 1204 simul
610 1165 798 1204 oratione
834 1166 1034 1204 continua
1067 1166 1221 1213 e1·exit;
1261 1180 1346 1204 11011

118 1232 288 1281 quidem
314 1230 391 1269 sibi
420 1230 616 1278 ignarum
643 1242 761 1277 posse
787 1229 921 1277 argui,
942 1228 1053 1277 quod
1080 1233 1165 1267 tam
1186 1229 1345 1268 recenti

120 1296 262 1334 dolore
295 1293 470 1333 subierit
503 1292 643 1331 oculos
673 1296 843 1331 senatus
854 1309 864 1340 3
912 1293 983 1330 uix
1021 1292 1347 1341 propinquorum

120 1358 317 1407 adloquia
337 1356 520 1405 tolerari,
541 1355 613 1393 uix
640 1355 750 1394 diem
776 1356 905 1405 aspici
931 1370 955 1394 a
975 1356 1182 1405 plerisque
1202 1356 1348 1405 lugen-

121 1422 238 1460 tium.
276 1434 411 1468 neque
426 1419 519 1457 illos
534 1418 821 1457 inbecillitatis
837 1418 1119 1464 daninandos;
1150 1433 1192 1458 se
1208 1423 1348 1458 tamen

67 1501 102 1533 15
121 1485 297 1525 fortiora
327 1483 481 1523 solacia
515 1496 537 1521 e
570 1481 790 1530 complexu
824 1482 883 1520 rei
914 1482 1107 1530 publicae
1140 1483 1349 1531 petiuisse.

122 1549 426 1596 miseratusque
452 1548 673 1594 Augustae
699 1550 931 1584 extremam
958 1550 1180 1594 senectam,
1205 1546 1351 1585 rudem

123 1612 261 1651 adhuc
308 1615 505 1660 nepotum
549 1614 591 1648 et
629 1614 872 1658 uergentem
919 1614 1101 1648 aetatem
1139 1624 1268 1658 suam,
1307 1620 1353 1648 ut

126 1675 363 1715 Germanici
386 1674 520 1722 liberi,
546 1673 669 1712 unica
698 1673 980 1722 praesentium
1008 1673 1211 1711 malorum
1240 1673 1353 1711 leua-

126 1742 281 1786 menta,
312 1737 613 1776 inducerentur
651 1735 812 1784 petiuit.
868 1735 1023 1784 egressi
1061 1735 1250 1774 consules
1286 1736 1354 1773 fir-

70 1815 109 1837 20
127 1806 262 1840 matos
307 1800 504 1849 adloquio
550 1798 887 1838 adulescentulos
925 1798 1211 1846 deductosque
1257 1802 1355 1838 ante

130 1864 351 1905 Caesarem
381 1867 584 1902 statuunt.
641 1862 792 1911 quibus
820 1862 1037 1911 adprensis
1070 1859 1234 1910 ‘patres
1261 1875 1356 1900 0011-

131 1928 287 1977 scripti,
315 1926 409 1966 hos'
438 1926 575 1975 inquit
605 1924 790 1965 ‘orbatos
818 1929 992 1974 parente
1022 1924 1178 1963 tradidi
1207 1929 1356 1973 patruo

130 1993 313 2042 ipsorum
326 1995 602 2040 precatusque
616 2003 718 2037 sum,
732 2003 986 2037 quamquam
999 1992 1107 2027 esset
1118 1987 1178 2026 illi
1191 1987 1359 2036 propria

133 2055 310 2100 suboles,
343 2068 395 2092 110
427 2067 545 2091 secus
577 2067 704 2101 quam
740 2066 861 2090 suum
899 2050 1145 2099 sanguinem
1182 2049 1358 2098 foueret,

75 2128 114 2159 25
134 2118 358 2165 attolleret,
392 2116 552 2165 sibique
585 2120 628 2155 et
659 2114 835 2165 posteris
866 2113 1162 2153 conformaret.
1216 2116 1360 2161 erepto
