1464 2384
187 122 265 162 AB
302 121 560 163 EXCESSV
598 122 855 162 AVGVSTI
896 123 972 162 IV.
1013 123 1166 162 13—16
1241 122 1284 162 11

58 224 170 273 apud
182 224 320 263 forum
329 224 514 273 Augusti
526 224 695 273 publica
707 225 885 273 pecunia
898 229 1038 274 patres
1051 225 1287 274 decreuere,

58 286 170 336 apud
193 301 295 336 quos
316 287 441 326 etiam
467 291 557 325 tum
586 291 739 326 cuncta
768 288 1078 336 tractabantur,
1108 288 1212 327 adeo
1241 292 1288 326 ut

57 355 304 400 procurator
321 351 448 390 Asiae
465 351 650 389 Lucilius
666 351 814 400 Capito
830 356 1056 391 accusante
1072 352 1288 401 prouincia

58 427 227 453 causam
246 413 413 462 dixerit,
434 427 589 461 magna
615 428 709 452 011111
736 414 1056 454 adseueratione
1076 415 1287 464 principis,

57 489 141 514 non
172 489 213 514 se
242 475 307 514 ius
338 475 417 514 nisi
454 475 497 513 in
535 475 706 514 seruitia
744 479 786 514 et
824 476 1022 524 pecunias
1059 475 1289 515 familiares

58 537 242 586 dedisse3
269 537 380 586 quod
396 537 429 576 si
442 537 527 576 uim
540 538 744 586 praetoris
758 543 1000 587 usurpasset
1014 538 1288 587 manibusque

58 601 237 640 militum
256 615 354 640 usus
372 601 494 650 foret,
515 606 656 650 spreta
680 602 723 640 in
745 616 792 640 eo
818 602 1020 641 mandata
1047 617 1143 641 sua:
1174 602 1290 641 audi-

58 668 152 703 rent
189 664 330 703 socios.
384 665 446 703 ita
482 679 577 703 reus
622 664 790 713 cognito
837 665 1006 713 negotio
1052 665 1289 703 damnatur.

58 728 110 767 ob
131 742 257 777 quam
275 728 489 777 ultionem,
511 732 553 767 et
573 728 671 777 quia
686 728 823 777 priore
839 742 949 767 anno
969 728 1012 767 in
1034 727 1077 767 C.
1100 728 1288 768 Silanum

58 791 318 830 uindicatum
360 796 462 840 erat,
501 792 725 831 decreuere
762 792 890 831 Asiae
926 793 1051 831 urbes
1088 793 1288 842 templum

58 854 223 893 Tiberio
260 855 467 904 matrique
506 855 594 894 eius
631 869 680 894 ac
718 856 894 894 senatui.
964 860 1006 894 et
1044 856 1289 905 permissum

58 920 264 965 statuere;
307 918 475 966 egitque
513 917 626 956 Nero
666 922 809 966 grates
847 932 896 956 ea
933 932 1060 957 causa
1098 918 1290 967 patribus

59 984 186 1029 atque
212 994 303 1029 auo,
332 981 465 1019 laetas
490 981 600 1019 inter
629 981 891 1020 audientium
919 982 1190 1031 adfectiones,
1219 982 1288 1031 qui

59 1043 216 1082 recenti
236 1043 435 1082 memoria
454 1042 693 1082 Germanici
716 1043 834 1082 illum
854 1044 995 1092 aspici,
1016 1045 1134 1082 illum
1154 1044 1290 1083 audiri

59 1106 272 1145 rebantur.
346 1106 607 1154 aderantque
644 1106 785 1145 iuueni
824 1107 1029 1146 modestia
1066 1122 1115 1146 ac
1152 1106 1288 1146 fornia

59 1169 245 1218 principe
277 1170 367 1208 uiro
401 1170 543 1218 digna,
575 1170 685 1208 notis
717 1170 759 1208 in
794 1184 887 1209 eum
928 1170 1066 1209 Seiani
1098 1170 1204 1209 odiis
1237 1170 1290 1209 ob

60 1232 290 1280 periculum
319 1232 519 1280 gratiora.

143 1294 209 1337 16.
267 1294 354 1334 Sub
375 1294 487 1334 idem
506 1299 670 1344 tempus
696 1295 748 1334 de
769 1295 936 1334 fiamine
958 1295 1068 1333 Diali
1090 1296 1134 1334 in
1154 1295 1290 1334 locum

61 1357 181 1397 Serui
202 1357 508 1406 Maluginensis
528 1357 719 1396 defuncti
744 1357 936 1406 legendo,
957 1358 1079 1396 simul
1100 1357 1292 1406 roganda

60 1434 170 1459 noua
182 1420 275 1468 lege
288 1420 483 1459 disseruit
497 1419 663 1459 Caesar.
692 1435 789 1459 nam
805 1420 1002 1469 patricios
1015 1420 1292 1460 confarreatis

60 1483 304 1532 parentibus
324 1483 488 1532 genitos
507 1487 592 1522 tres
613 1483 734 1521 simul
761 1483 980 1532 nominari,
1001 1497 1053 1522 ex
1073 1484 1165 1532 quis
1185 1498 1293 1523 unus

60 1538 282 1594 legeretur,
303 1549 468 1584 uetusto
494 1559 608 1584 more
623 1563 632 1593 ;
663 1560 798 1594 neque
825 1545 982 1594 adesse,
1002 1550 1050 1584 ut
1070 1546 1179 1595 olim,
1200 1561 1291 1585 eam

61 1609 235 1658 copiam,
269 1609 419 1648 omissa
447 1608 740 1647 c‹i›nfarreandi
770 1609 1047 1648 adsuetudine
1076 1614 1150 1647 aut
1182 1609 1293 1648 inter

62 1687 216 1722 paucos
242 1677 407 1712 retenta
430 1673 672 1721 (pluresque
693 1672 781 1711 eius
807 1672 866 1711 rei
887 1687 1034 1711 causas
1059 1672 1292 1721 adferebat,

62 1737 316 1786 potissimam
337 1751 463 1786 penes
488 1737 694 1775 incuriam
721 1737 905 1775 uirorum
932 1737 1292 1785 femina1²uinque;

62 1799 261 1838 accedere
289 1799 418 1848 ipsius
446 1799 722 1838 caerimoniae
753 1799 1033 1847 difficultates,
1063 1812 1170 1848 quae
1199 1812 1294 1837 con-

63 1862 172 1901 sulto
205 1862 459 1908 uitarentur)
492 1866 534 1900 et
567 1862 678 1910 quod
709 1863 841 1901 exiret
881 1877 902 1901 e
930 1862 1020 1901 iure
1058 1863 1193 1911 patrio
1223 1863 1293 1911 qui

62 1925 105 1964 id
121 1925 361 1963 flamonium
377 1925 634 1974 apisceretur
654 1939 844 1973 quaeque
865 1926 906 1963 in
923 1940 1094 1964 manuni
1115 1925 1294 1964 flaminis

63 1987 318 2042 conueniret.
373 1987 433 2025 ita
453 1987 705 2026 medendum
723 1993 892 2026 senatus
912 1988 1081 2027 decreto
1098 1993 1171 2026 aut
1187 1989 1292 2037 lege,

63 2051 169 2089 sicut
189 2051 407 2099 Augustus
426 2050 634 2098 quaedam
661 2066 711 2089 ex
743 2051 913 2089 horrida
940 2051 1013 2089 illa
1039 2051 1293 2099 antiquitate

63 2114 117 2152 ad
164 2118 426 2163 praesentem
472 2128 590 2152 usum
644 2113 838 2152 flexisset.
920 2114 1052 2162 igitur
1102 2114 1294 2153 tractatis

1312 430 1348 452 10

1313 741 1348 774 15

1310 1059 1352 1081 20

1312 1563 1328 1596 5

1317 1878 1354 1900 10
