1464 2384
145 103 196 140 52
504 101 781 141 CORNELII
819 101 1012 140 TACITI

224 203 305 242 Per
320 202 431 242 idem
446 206 609 251 tempus
624 201 734 240 Iulia
748 205 926 240 mortem
939 201 1054 250 obiit,
1068 215 1193 249 quam
1206 204 1373 250 neptem

89 284 128 305 20
146 266 365 314 Augustus
392 265 628 304 conuictam
655 264 851 303 adulterii
878 264 1167 312 damnauerat,
1194 263 1375 312 proiece-

145 332 295 377 ratque
332 328 375 366 in
407 328 587 366 insulam
621 327 865 375 Trimerum,
899 326 1014 365 haud
1047 326 1191 375 procul
1224 325 1375 375 Apulis

145 390 348 428 litoribus.
404 389 489 427 illio
523 389 676 437 uiginti
708 388 829 427 annis
862 388 1033 427 exilium
1061 388 1260 427 tolerauit
1287 388 1375 426 Au-

145 458 294 503 gustae
321 468 397 503 ope
425 458 673 501 sustentata,
694 467 802 501 quae
828 452 1024 491 florentes
1043 452 1260 501 priuignos
1280 466 1374 491 eum

144 531 219 565 per
252 516 462 555 oecultum
496 516 786 564 subuertisset‚
815 515 1143 554 misericordiam
1172 529 1274 564 erga
1302 515 1374 553 ad-

86 596 125 628 25
145 581 278 620 Hietos
305 581 445 630 palam
474 579 728 619 ostentabat.
827 630 831 634 .

223 644 294 686 72.
351 643 509 682 Eodem
533 657 643 681 311110
668 642 803 691 Frisii,
828 642 1160 681 transrhenanus
1183 642 1373 691 populus,

143 720 290 755 paoem
316 720 481 755 exuere,
502 710 647 744 nostra
672 706 808 754 magis
833 705 1014 743 auaritia
1040 719 1165 753 quain
1186 705 1373 754 obsequii

142 769 408 818 inpatientes.
464 768 671 807 tributum
696 768 746 806 iis
774 768 937 806 Drusus
962 767 1140 806 iusserat
1163 767 1373 806 modicum

143 846 217 880 pro
243 831 441 880 angustia
466 845 618 879 rerum,
640 834 687 869 ut
711 831 753 869 in
774 845 873 869 usus
892 830 1096 869 militares
1116 830 1227 869 coria
1246 831 1373 869 boum

107 909 122 941 5
143 895 387 944 penderent,
408 909 491 933 non
517 895 682 933 intenta
709 894 954 942 cuiusquam
982 908 1095 942 eura,
1117 908 1223 942 quae
1247 893 1373 931 firmi-

143 959 257 1007 tudo,
279 973 386 1007 quae
405 973 613 1007 mensura,
630 958 762 997 donee
784 958 985 997 Olennius
1005 972 1026 997 e
1046 957 1373 1006 primipilaribus

143 1022 339 1071 regendis
366 1021 508 1060 Frisiis
534 1021 738 1070 inpositus
761 1026 882 1070 terga
907 1035 1075 1060 urorum
1097 1021 1255 1070 delegit
1274 1036 1373 1070 quo-

142 1100 235 1123 rum
278 1084 332 1123 ad
374 1084 552 1122 formam
598 1084 901 1133 acciperentur.
976 1085 1031 1133 id,
1074 1084 1165 1123 aliis
1209 1099 1373 1133 quoque

143 1147 384 1186 nationibus
413 1147 605 1195 arduum,
633 1147 745 1196 apud
774 1147 1006 1186 Germanos
1035 1147 1243 1185 difficilius
1271 1147 1372 1185 tole-

89 1225 124 1246 10
144 1211 330 1259 rabatur‚
369 1211 460 1259 quis
497 1211 732 1259 ingentium
770 1211 991 1250 beluarum
1029 1210 1191 1249 feraces
1228 1211 1372 1259 saltus,

143 1275 307 1314 modica
336 1274 447 1313 domi
476 1279 668 1313 armenta
695 1279 804 1313 sunt.
860 1289 908 1314 30
936 1275 1068 1323 primo
1095 1275 1223 1313 boues
1249 1275 1372 1323 ipsos,

142 1352 240 1376 mox
256 1351 391 1386 agrOS,
406 1342 614 1386 postremo
630 1351 805 1386 corpora
820 1338 1045 1386 coniugum
1060 1342 1133 1376 aut
1146 1337 1373 1376 liberorum

143 1402 313 1441 seruitio
333 1401 572 1440 tradebant.
628 1401 725 1440 hino
745 1401 807 1440 ira
827 1406 868 1440 et
884 1406 1066 1450 questus,
1083 1406 1136 1449 et,
1152 1406 1372 1450 postquam

143 1481 227 1505 non
260 1465 602 1514 subueniebatur‚
633 1465 863 1504 remedium
897 1480 947 1504 ex
981 1465 1103 1503 bello.
1159 1465 1269 1514 rapti
1302 1465 1373 1514 qui

90 1545 124 1576 15
144 1528 303 1568 tributo
330 1527 509 1566 aderant
528 1527 680 1566 milites
701 1532 742 1566 et
762 1527 952 1576 patibulo
973 1527 1114 1565 adfixi.
1171 1526 1373 1566 Olennius

143 1592 328 1631 infensos
352 1591 457 1639 fuga
480 1591 711 1639 praeuenit,
732 1595 924 1639 receptus
944 1590 1114 1629 castello
1135 1590 1200 1629 oui
1220 1605 1372 1630 nomen

145 1655 321 1694 Fleuum
335 1671 343 1702 ;
374 1658 415 1692 et
434 1654 549 1692 haud
566 1654 801 1703 spernenda
816 1654 900 1693 illio
916 1654 1070 1693 ciuium
1086 1654 1374 1703 sociorumque

145 1734 294 1758 manus
312 1719 436 1757 litora
457 1718 612 1757 Oceani
633 1718 912 1767 praesidebat.

225 1782 296 1824 73.
353 1781 474 1830 Quod
503 1781 574 1819 ubi
601 1781 647 1820 L.
674 1782 862 1830 Apronio
888 1781 1096 1820 inferioris
1123 1781 1372 1821 Germaniae

147 1859 221 1895 pro
247 1849 440 1894 praetore
465 1845 692 1893 cognitum,
713 1845 869 1883 uexilla
889 1845 1099 1893 legionum
1121 1859 1142 1884 e
1162 1845 1372 1894 superiore

147 1908 362 1957 prouincia
382 1908 653 1957 peditumque
674 1913 715 1947 et
736 1909 922 1957 equitum
948 1910 1214 1948 auxiliarium
1238 1909 1372 1949 delec-

147 1976 211 2010 tos
230 1971 383 2010 accinit
403 1985 451 2009 30
478 1971 599 2009 simul
626 1975 850 2019 utrumque
877 1972 1107 2010 exercitum
1132 1972 1278 2011 Rheno
1303 1973 1372 2012 de-

112 2052 128 2084 5
148 2039 314 2074 uectum
336 2035 479 2074 Frisiis
506 2034 662 2083 intulit,
689 2034 823 2073 soluto
852 2035 935 2073 iam
965 2035 1125 2074 castelli
1152 2035 1311 2074 obsidio
1332 2041 1374 2075 et

148 2100 203 2139 ad
224 2114 298 2138 sua
318 2099 497 2138 tutanda
517 2099 723 2147 degressis
742 2099 980 2138 rebellibus.
1034 2099 1164 2148 igitur
1183 2100 1374 2148 proxima
