1464 2384
141 87 192 125 48
325 86 403 125 AB
439 85 697 125 EXCESSV
736 85 994 124 AVGVSTI
1033 85 1108 123 IV.
1145 84 1194 123 67

142 189 274 228 milite
311 187 646 237 prohiberentur,
680 200 852 235 perosus
889 190 1030 226 tamen
1068 187 1295 236 municipia
1332 191 1374 226 et

105 268 121 300 5
143 252 326 291 colonias
354 251 574 299 omniaque
602 250 646 288 in
673 250 905 288 continenti
932 250 1023 298 sita,
1053 250 1237 298 Capreas
1263 264 1305 288 se
1329 249 1373 288 in

141 315 321 353 insulam
360 313 536 361 abdidit,
575 313 702 350 trium
739 312 899 350 milium
937 312 1046 351 freto
1084 312 1137 350 ab
1176 312 1373 351 extremis

145 378 382 419 Surrentini
402 377 681 426 promunturii
702 377 946 415 diiunctam.
997 376 1266 415 solitudinem
1286 377 1374 416 eius

143 443 348 493 placuisse
374 441 555 480 maxime
582 440 842 487 crediderim,
864 440 1061 489 quoniam
1085 440 1374 489 inportuosum

144 508 255 547 circa
283 520 397 545 mare
426 510 467 544 et
495 505 567 543 uix
597 505 770 543 modicis
796 504 978 553 nauigiis
1004 519 1138 554 pauca
1165 504 1351 543 subsidia
1367 517 1375 548 3

88 587 126 608 10
143 584 278 619 neque
304 568 516 618 adpulerit
536 568 756 617 quisquam
776 567 856 606 nisi
877 581 1009 616 gnaro
1030 567 1214 606 custode.
1270 566 1375 605 caeli

144 633 365 682 temperies
396 632 532 671 hieme
570 631 683 669 mitis
720 631 888 670 obiectu
925 631 1090 680 montis,
1129 645 1210 680 quo
1249 644 1375 669 saeua

144 700 367 736 uentorum
393 698 616 738 arcentur3
645 698 782 733 aestas
807 694 851 732 in
878 694 1112 733 Fauonium
1136 694 1314 732 obuersa
1333 696 1376 732 et

144 764 290 809 aperto
319 759 475 797 circum
505 758 655 807 pelago
684 770 958 806 pei-amoena}
996 756 1375 806 prospectabatque

144 822 471 872 pulcherrimum
523 821 670 868 sinum,
717 824 945 869 antequam
996 820 1206 859 Vesuuius
1258 832 1376 857 mons

89 902 124 934 15
145 886 367 925 ardescens
392 883 543 922 faciem
571 883 650 921 loci
671 887 867 922 uerteret.
922 883 1104 922 Graecos
1124 897 1173 922 ea
1193 882 1376 921 tenuisse

146 948 410 998 Capreasque
426 946 617 985 Telebois
636 946 850 985 habitatas
869 946 983 985 fama
1003 946 1145 984 tradit.
1194 945 1266 984 sed
1286 950 1376 984 tum

145 1012 336 1051 Tiberius
369 1009 589 1049 duodecim
622 1009 819 1047 uillarum
852 1008 1092 1047 nominibus
1124 1012 1166 1047 et
1197 1008 1376 1047 molibus

145 1075 369 1123 insederat,
399 1078 557 1122 quanto
592 1072 780 1110 intentus
813 1072 911 1110 olim
939 1071 1131 1121 publicas
1159 1071 1213 1109 ad
1242 1084 1375 1118 curaS,

146 1143 265 1178 tanto
289 1137 537 1177 occultiores
557 1135 600 1173 in
620 1135 745 1173 luxus
766 1138 807 1173 et
826 1134 985 1173 malum
1006 1135 1137 1173 otium
1158 1129 1375 1174 resolutus.

87 1216 127 1237 20
146 1202 345 1240 manebat
371 1199 523 1249 quippe
550 1197 831 1247 suspicionum
858 1202 900 1236 et
925 1197 1123 1236 credendi
1150 1197 1375 1245 temeritas,

146 1280 272 1315 quam
307 1264 483 1304 Seianus
517 1276 672 1310 augere
706 1261 833 1300 etiam
865 1261 909 1299 in
937 1261 1041 1299 urbe
1069 1265 1211 1299 suetus
1239 1261 1377 1300 acrius

146 1329 349 1368 turbabat
375 1342 459 1365 non
483 1327 567 1364 iam
594 1324 768 1364 occultis
791 1324 1015 1363 aduersum
1036 1323 1315 1373 Agrippinam
1335 1328 1378 1363 et

147 1393 358 1432 Neronem
395 1389 569 1428 insidiis.
625 1388 717 1437 quis
750 1387 920 1425 additus
952 1387 1070 1425 miles
1103 1387 1283 1436 nuntios,
1316 1388 1377 1426 in-

147 1455 310 1502 troitus,
344 1456 491 1502 aperta
525 1455 686 1490 secreta
720 1450 837 1488 uelut
869 1449 912 1488 in
946 1450 1119 1488 annales
1152 1450 1377 1499 referebat,

88 1528 125 1560 25
148 1519 340 1566 ultroque
385 1515 658 1555 struebantur
700 1513 771 1562 qui
808 1517 1026 1551 monerent
1062 1512 1285 1561 perfugere
1323 1513 1377 1552 ad

147 1580 397 1621 Germaniae
436 1577 644 1617 exercitus
682 1576 748 1614 uel
782 1575 1052 1614 celeberrimo
1084 1575 1165 1614 fori
1198 1576 1377 1624 effigiem

148 1645 235 1684 diui
285 1642 470 1691 Augusti
520 1640 715 1690 amplecti
762 1639 1045 1689 populumque
1091 1654 1139 1678 ac
1187 1644 1377 1679 senatum

147 1707 304 1747 auxilio
324 1720 487 1744 uocare.
526 1718 657 1753 eaque
679 1708 819 1753 spreta
839 1703 893 1742 ab
913 1703 1008 1752 illis,
1030 1703 1147 1743 uelut
1166 1708 1377 1753 pararent,

148 1770 451 1810 obiciebantur.
