1464 2384
198 114 276 153 AB
312 113 570 154 EXCESSV
608 113 867 153 AVGVSTI
905 113 981 152 IV.
1019 112 1175 152 57—60
1252 113 1304 150 43

77 209 140 254 est
165 230 190 254 a
215 216 417 255 militibus
442 216 512 265 qui
536 215 721 254 subsidio
747 220 963 254 uenerant.
1020 216 1152 254 maior
1172 230 1222 254 ex
1244 229 1304 260 eo,

78 282 120 316 et
148 293 401 328 quamquam
430 278 607 317 exitiosa
635 278 843 326 suaderet,
872 283 918 316 ut
944 292 1027 317 non
1054 278 1116 316 sui
1143 277 1305 325 anxius,

78 355 173 380 cum
192 343 274 382 fide
294 343 557 381 audiebatur.
611 342 978 391 adsimulabatque
998 342 1146 380 iudicis
1166 346 1306 390 partes

78 405 301 444 aduersum
327 406 566 445 Germanici
592 406 777 455 stirpem,
798 406 978 445 subditis
1001 406 1072 455 qui
1093 409 1307 444 accusato-

78 483 171 507 rum
208 470 377 509 nomina
414 469 667 508 sustinerent
700 470 965 518 maximeque
997 470 1308 509 insectarentur

78 532 289 571 Neronem
314 533 550 582 proximum
580 532 829 571 successioni
859 537 913 581 et,
940 547 1195 581 quamquam
1224 546 1308 570 mo-

79 595 198 634 desta
223 596 407 644 iuuenta,
428 596 673 645 plerumque
699 600 842 635 tamen
868 596 970 645 quid
998 596 1041 634 in
1071 595 1309 645 praesentia

79 658 332 698 conduceret
364 659 553 707 oblitum,
588 659 687 698 dum
725 674 749 697 a
788 659 951 698 libertis
989 664 1030 698 et
1069 658 1307 707 clientibus,

79 720 327 769 apiscendae
353 721 565 770 potentiae
592 722 790 770 properis,
813 722 1108 760 exstimulatur
1131 726 1179 760 ut
1198 735 1310 760 ereo-

80 788 169 822 tum
193 788 235 822 et
259 783 459 823 fidentem
479 784 607 822 animi
627 784 889 823 ostenderet:
919 784 1028 823 uelle
1047 784 1091 822 id
1110 784 1310 833 populum

82 846 328 896 Romanum,
349 861 500 896 cupere
526 847 748 896 exercitus,
774 861 910 896 neque
936 862 1137 886 ausurum
1163 852 1311 886 contra

82 909 292 958 Seianum,
326 910 398 959 qui
435 924 547 949 nunc
587 910 835 959 patientiam
873 910 982 949 senis
1013 915 1055 949 et
1088 910 1311 959 segnitiam

80 972 244 1011 iuuenis
272 973 392 1011 iuxta
419 973 606 1012 insultet.

161 1036 231 1078 60.
301 1036 420 1074 Haec
464 1041 591 1084 atque
636 1035 739 1074 talia
775 1035 965 1074 audienti
1002 1035 1107 1074 nihil
1144 1035 1313 1084 quidem

82 1113 238 1148 prauae
258 1099 538 1148 cogitationis,
559 1099 631 1138 sed
651 1099 863 1138 interdum
884 1113 1008 1138 uoces
1026 1099 1314 1148 procedebant

83 1169 351 1202 contumaces
384 1167 426 1202 et
459 1163 734 1211 inconsultae,
767 1177 872 1212 quas
904 1163 1086 1212 adpositi
1119 1163 1315 1202 custodes

84 1232 281 1276 exceptas
325 1232 554 1276 auctasque
596 1241 690 1266 cum
728 1226 943 1266 deferrent
981 1241 1116 1276 neque
1153 1227 1314 1266 Neroni

85 1291 311 1330 defendere
345 1290 531 1339 daretur,
561 1290 752 1330 diuersae
782 1291 952 1340 insuper
985 1291 1315 1330 sollicitudinum

84 1354 244 1393 formae
264 1353 521 1393 oriebantur.
574 1368 672 1392 nam
693 1354 799 1392 alius
820 1368 1039 1392 occursum
1059 1354 1147 1392 eius
1167 1354 1315 1402 uitare,

85 1417 255 1467 quidam
289 1417 544 1456 salutatione
577 1417 745 1456 reddita
779 1417 922 1455 statim
951 1417 1099 1466 auerti,
1129 1417 1317 1466 plerique

84 1482 297 1529 inceptum
317 1494 552 1520 sermonem
573 1480 837 1529 abrumpere,
858 1481 1150 1520 insistentibus
1171 1486 1317 1519 contra

85 1544 450 1593 inridentibusque
471 1544 542 1592 qui
564 1543 717 1583 Seiano
736 1544 925 1583 fautores
945 1544 1136 1583 aderant.
1191 1544 1319 1583 enim-

87 1622 187 1647 uero
207 1607 399 1646 Tiberius
420 1612 566 1646 toruus
585 1611 660 1646 aut
678 1608 835 1646 falsum
855 1607 1053 1647 renidens
1072 1608 1216 1647 uultu:
1247 1622 1318 1646 seu

87 1671 328 1720 loqueretur
347 1685 419 1709 seu
439 1675 601 1709 taceret
620 1670 796 1719 iuuenis,
817 1671 976 1709 crimen
996 1685 1048 1710 ex
1069 1671 1246 1720 silentio,
1267 1685 1320 1710 ex

88 1748 202 1773 uoce.
257 1747 309 1772 ne
346 1747 432 1772 nox
469 1733 640 1782 quidem
677 1747 836 1782 secura,
874 1748 969 1772 cum
1008 1748 1115 1773 uxor
1152 1734 1321 1783 uigilias

90 1810 255 1836 somnos
298 1796 477 1845 suspiria
520 1796 647 1834 matri
692 1796 850 1846 Liuiae,
889 1801 1016 1846 atque
1057 1797 1130 1836 illa
1169 1797 1321 1837 Seiano

90 1858 372 1908 patefaceret5
411 1859 483 1907 qui
514 1858 691 1898 fratrem
724 1874 889 1908 quoque
922 1860 1104 1899 Neronis
1136 1860 1321 1899 Drusum

91 1923 223 1962 traxit
241 1922 285 1961 in
305 1926 457 1971 partes,
479 1936 550 1971 spe
571 1922 736 1961 obiecta
756 1922 956 1971 principis
975 1923 1067 1972 loci,
1088 1924 1122 1962 si
1141 1924 1321 1972 priorem

92 1990 231 2026 aetate
260 1990 302 2024 et
330 1985 413 2023 iam
439 1984 699 2023 labefactum
726 1984 991 2024 demouisset.
1047 1990 1169 2025 atrox
1195 1986 1323 2025 Drusi

92 2049 308 2098 ingenium
335 2062 458 2097 super
483 2047 722 2097 cupidinem
742 2048 957 2097 potentiae
977 2052 1019 2087 et
1040 2049 1162 2087 solita
1181 2049 1322 2088 fratri-

92 2114 171 2152 bus
187 2111 282 2151 odia
295 2110 607 2150 accendebatur
620 2110 793 2160 inuidia,
807 2111 919 2160 quod
932 2116 1068 2150 mater
1083 2112 1322 2160 Agrippina

1330 479 1365 512 Ι5

1330 799 1370 820 20

1335 1304 1352 1335 5

1341 1623 1378 1646 ῙΟ

1344 1936 1379 1969 15
