<?xml version="1.0" encoding="UTF-8"?>
<!DOCTYPE html PUBLIC "-//W3C//DTD XHTML 1.0 Transitional//EN"
    "http://www.w3.org/TR/xhtml1/DTD/xhtml1-transitional.dtd">
<html xmlns="http://www.w3.org/1999/xhtml" xml:lang="en" lang="en">
 <head>
  <title>
</title>
<meta http-equiv="Content-Type" content="text/html;charset=utf-8" />
  <meta name='ocr-system' content='tesseract 3.04.00' />
  <meta name='ocr-capabilities' content='ocr_page ocr_carea ocr_par ocr_line ocrx_word'/>
</head>
<body>
  <div class='ocr_page' id='page_1' title='image "annalsoftacitus00taci_0053.png"; bbox 0 0 1464 2384; ppageno 0'>
   <div class='ocr_carea' id='block_1_1' title="bbox 223 116 1323 161">
    <p class='ocr_par' dir='ltr' id='par_1_1' title="bbox 223 116 1323 161">
     <span class='ocr_line' id='line_1_1' title="bbox 223 116 1323 161; baseline -0.006 0"><span class='ocrx_word' id='word_1_1' title='bbox 223 121 301 160; x_wconf 92' lang='lat' dir='ltr'>AB</span> <span class='ocrx_word' id='word_1_2' title='bbox 338 120 596 161; x_wconf 82' lang='lat' dir='ltr'>EXCESSV</span> <span class='ocrx_word' id='word_1_3' title='bbox 634 119 889 159; x_wconf 77' lang='lat' dir='ltr'>AVGVSTI</span> <span class='ocrx_word' id='word_1_4' title='bbox 928 118 1003 157; x_wconf 89' lang='lat' dir='ltr'>IV.</span> <span class='ocrx_word' id='word_1_5' title='bbox 1041 117 1192 156; x_wconf 81' lang='lat'>28—31</span> <span class='ocrx_word' id='word_1_6' title='bbox 1277 116 1323 154; x_wconf 81' lang='lat'>21</span> 
     </span>
    </p>
   </div>
   <div class='ocr_carea' id='block_1_2' title="bbox 79 217 1384 2172">
    <p class='ocr_par' dir='ltr' id='par_1_2' title="bbox 92 217 1384 1018">
     <span class='ocr_line' id='line_1_2' title="bbox 97 217 1364 271; baseline -0.004 -10"><span class='ocrx_word' id='word_1_7' title='bbox 97 226 317 271; x_wconf 86' lang='lat' dir='ltr'>utramque</span> <span class='ocrx_word' id='word_1_8' title='bbox 336 222 516 261; x_wconf 85' lang='lat' dir='ltr'>insulam</span> <span class='ocrx_word' id='word_1_9' title='bbox 536 220 721 260; x_wconf 79' lang='lat' dir='ltr'>referens</span> <span class='ocrx_word' id='word_1_10' title='bbox 741 220 987 269; x_wconf 78' lang='lat' dir='ltr'>dandosque</span> <span class='ocrx_word' id='word_1_11' title='bbox 1008 219 1121 258; x_wconf 87' lang='lat' dir='ltr'>uitae</span> <span class='ocrx_word' id='word_1_12' title='bbox 1142 232 1240 257; x_wconf 92' lang='lat' dir='ltr'>usus</span> <span class='ocrx_word' id='word_1_13' title='bbox 1260 217 1327 257; x_wconf 87' lang='lat' dir='ltr'>cui</span> <span class='ocrx_word' id='word_1_14' title='bbox 1347 228 1364 261; x_wconf 84' lang='grc'>5</span> 
     </span>
     <span class='ocr_line' id='line_1_3' title="bbox 97 285 1327 332; baseline -0.004 -7"><span class='ocrx_word' id='word_1_15' title='bbox 97 286 186 324; x_wconf 90' lang='lat' dir='ltr'>uita</span> <span class='ocrx_word' id='word_1_16' title='bbox 229 286 539 325; x_wconf 86' lang='lat' dir='ltr'>concederetur.</span> <span class='ocrx_word' id='word_1_17' title='bbox 595 286 655 324; x_wconf 90' lang='lat' dir='ltr'>ita</span> <span class='ocrx_word' id='word_1_18' title='bbox 694 285 876 324; x_wconf 79' lang='lat' dir='ltr'>Serenus</span> <span class='ocrx_word' id='word_1_19' title='bbox 914 285 1149 332; x_wconf 84' lang='lat' dir='ltr'>Amorgum</span> <span class='ocrx_word' id='word_1_20' title='bbox 1188 297 1327 331; x_wconf 89' lang='lat' dir='ltr'>repor-</span> 
     </span>
     <span class='ocr_line' id='line_1_4' title="bbox 97 346 1325 397; baseline -0.002 -11"><span class='ocrx_word' id='word_1_21' title='bbox 97 352 224 387; x_wconf 87' lang='lat' dir='ltr'>tatur.</span> <span class='ocrx_word' id='word_1_22' title='bbox 280 353 333 397; x_wconf 91' lang='lat' dir='ltr'>et,</span> <span class='ocrx_word' id='word_1_23' title='bbox 353 349 451 397; x_wconf 90' lang='lat' dir='ltr'>quia</span> <span class='ocrx_word' id='word_1_24' title='bbox 472 348 682 387; x_wconf 86' lang='lat' dir='ltr'>Cornutus</span> <span class='ocrx_word' id='word_1_25' title='bbox 703 362 777 386; x_wconf 91' lang='lat' dir='ltr'>sua</span> <span class='ocrx_word' id='word_1_26' title='bbox 797 361 923 386; x_wconf 87' lang='lat' dir='ltr'>manu</span> <span class='ocrx_word' id='word_1_27' title='bbox 945 346 1168 394; x_wconf 77' lang='lat' dir='ltr'>ceciderat,</span> <span class='ocrx_word' id='word_1_28' title='bbox 1185 350 1325 384; x_wconf 85' lang='lat' dir='ltr'>actum</span> 
     </span>
     <span class='ocr_line' id='line_1_5' title="bbox 96 410 1326 460; baseline 0 -12"><span class='ocrx_word' id='word_1_29' title='bbox 96 410 147 449; x_wconf 89' lang='lat' dir='ltr'>de</span> <span class='ocrx_word' id='word_1_30' title='bbox 168 412 362 460; x_wconf 86' lang='lat' dir='ltr'>praemiis</span> <span class='ocrx_word' id='word_1_31' title='bbox 383 416 675 450; x_wconf 76' lang='lat' dir='ltr'>accusatorum</span> <span class='ocrx_word' id='word_1_32' title='bbox 691 411 920 459; x_wconf 72' lang='lat' dir='ltr'>abolendis,</span> <span class='ocrx_word' id='word_1_33' title='bbox 938 411 970 448; x_wconf 87' lang='lat' dir='ltr'>si</span> <span class='ocrx_word' id='word_1_34' title='bbox 987 411 1079 459; x_wconf 90' lang='lat' dir='ltr'>quis</span> <span class='ocrx_word' id='word_1_35' title='bbox 1094 410 1326 449; x_wconf 86' lang='lat' dir='ltr'>maiestatis</span> 
     </span>
     <span class='ocr_line' id='line_1_6' title="bbox 95 474 1325 524; baseline -0.002 -10"><span class='ocrx_word' id='word_1_36' title='bbox 95 476 329 523; x_wconf 86' lang='lat' dir='ltr'>postulatus</span> <span class='ocrx_word' id='word_1_37' title='bbox 372 480 471 514; x_wconf 87' lang='lat' dir='ltr'>ante</span> <span class='ocrx_word' id='word_1_38' title='bbox 514 475 748 524; x_wconf 77' lang='lat' dir='ltr'>perfectum</span> <span class='ocrx_word' id='word_1_39' title='bbox 792 474 993 512; x_wconf 80' lang='lat' dir='ltr'>iudicium</span> <span class='ocrx_word' id='word_1_40' title='bbox 1032 488 1074 512; x_wconf 86' lang='lat' dir='ltr'>se</span> <span class='ocrx_word' id='word_1_41' title='bbox 1112 474 1199 522; x_wconf 90' lang='lat' dir='ltr'>ipse</span> <span class='ocrx_word' id='word_1_42' title='bbox 1236 474 1325 512; x_wconf 88' lang='lat' dir='ltr'>uita</span> 
     </span>
     <span class='ocr_line' id='line_1_7' title="bbox 96 538 1384 587; baseline -0.001 -11"><span class='ocrx_word' id='word_1_43' title='bbox 96 539 356 586; x_wconf 88' lang='lat' dir='ltr'>priuauisset.</span> <span class='ocrx_word' id='word_1_44' title='bbox 412 539 636 587; x_wconf 70' lang='lat' dir='ltr'>ibaturque</span> <span class='ocrx_word' id='word_1_45' title='bbox 655 539 698 577; x_wconf 87' lang='lat' dir='ltr'>in</span> <span class='ocrx_word' id='word_1_46' title='bbox 718 553 808 578; x_wconf 87' lang='lat' dir='ltr'>eam</span> <span class='ocrx_word' id='word_1_47' title='bbox 831 538 1095 585; x_wconf 86' lang='lat' dir='ltr'>sententiam,</span> <span class='ocrx_word' id='word_1_48' title='bbox 1116 538 1158 576; x_wconf 91' lang='lat' dir='ltr'>ni</span> <span class='ocrx_word' id='word_1_49' title='bbox 1180 538 1325 577; x_wconf 83' lang='lat' dir='ltr'>durius</span> <span class='ocrx_word' id='word_1_50' title='bbox 1347 553 1384 575; x_wconf 89' lang='lat'>10</span> 
     </span>
     <span class='ocr_line' id='line_1_8' title="bbox 95 599 1325 649; baseline -0.001 -11"><span class='ocrx_word' id='word_1_51' title='bbox 95 605 323 649; x_wconf 74' lang='lat' dir='ltr'>contraque</span> <span class='ocrx_word' id='word_1_52' title='bbox 368 616 523 640; x_wconf 84' lang='lat' dir='ltr'>morem</span> <span class='ocrx_word' id='word_1_53' title='bbox 562 615 681 639; x_wconf 89' lang='lat' dir='ltr'>suum</span> <span class='ocrx_word' id='word_1_54' title='bbox 720 600 859 649; x_wconf 85' lang='lat' dir='ltr'>palam</span> <span class='ocrx_word' id='word_1_55' title='bbox 897 614 972 649; x_wconf 92' lang='lat' dir='ltr'>pro</span> <span class='ocrx_word' id='word_1_56' title='bbox 1009 599 1325 638; x_wconf 84' lang='lat' dir='ltr'>accusatoribus</span> 
     </span>
     <span class='ocr_line' id='line_1_9' title="bbox 95 662 1325 712; baseline -0.001 -11"><span class='ocrx_word' id='word_1_57' title='bbox 95 662 249 702; x_wconf 88' lang='lat' dir='ltr'>Caesar</span> <span class='ocrx_word' id='word_1_58' title='bbox 292 664 440 702; x_wconf 85' lang='lat' dir='ltr'>inritas</span> <span class='ocrx_word' id='word_1_59' title='bbox 485 666 609 712; x_wconf 86' lang='lat' dir='ltr'>leges,</span> <span class='ocrx_word' id='word_1_60' title='bbox 648 678 736 702; x_wconf 90' lang='lat' dir='ltr'>rem</span> <span class='ocrx_word' id='word_1_61' title='bbox 774 663 986 712; x_wconf 80' lang='lat' dir='ltr'>publicam</span> <span class='ocrx_word' id='word_1_62' title='bbox 1024 663 1069 700; x_wconf 88' lang='lat' dir='ltr'>in</span> <span class='ocrx_word' id='word_1_63' title='bbox 1106 663 1325 711; x_wconf 79' lang='lat' dir='ltr'>praecipiti</span> 
     </span>
     <span class='ocr_line' id='line_1_10' title="bbox 93 725 1324 774; baseline 0 -11"><span class='ocrx_word' id='word_1_64' title='bbox 93 731 345 774; x_wconf 82' lang='lat' dir='ltr'>conquestus</span> <span class='ocrx_word' id='word_1_65' title='bbox 381 731 508 765; x_wconf 83' lang='lat' dir='ltr'>esset:</span> <span class='ocrx_word' id='word_1_66' title='bbox 558 726 855 764; x_wconf 71' lang='lat' dir='ltr'>subuel-terent</span> <span class='ocrx_word' id='word_1_67' title='bbox 892 726 1030 774; x_wconf 89' lang='lat' dir='ltr'>potius</span> <span class='ocrx_word' id='word_1_68' title='bbox 1068 725 1160 763; x_wconf 85' lang='lat' dir='ltr'>iura</span> <span class='ocrx_word' id='word_1_69' title='bbox 1197 739 1324 773; x_wconf 87' lang='lat' dir='ltr'>quam</span> 
     </span>
     <span class='ocr_line' id='line_1_11' title="bbox 94 790 1325 838; baseline 0 -11"><span class='ocrx_word' id='word_1_70' title='bbox 94 790 286 829; x_wconf 83' lang='lat' dir='ltr'>custodes</span> <span class='ocrx_word' id='word_1_71' title='bbox 330 804 471 829; x_wconf 87' lang='lat' dir='ltr'>eorum</span> <span class='ocrx_word' id='word_1_72' title='bbox 516 795 773 829; x_wconf 86' lang='lat' dir='ltr'>amouerent.</span> <span class='ocrx_word' id='word_1_73' title='bbox 829 790 886 829; x_wconf 88' lang='lat' dir='ltr'>sic</span> <span class='ocrx_word' id='word_1_74' title='bbox 931 790 1154 838; x_wconf 81' lang='lat' dir='ltr'>delatores,</span> <span class='ocrx_word' id='word_1_75' title='bbox 1193 804 1325 838; x_wconf 84' lang='lat' dir='ltr'>genus</span> 
     </span>
     <span class='ocr_line' id='line_1_12' title="bbox 93 853 1380 903; baseline 0.001 -13"><span class='ocrx_word' id='word_1_76' title='bbox 93 853 308 892; x_wconf 88' lang='lat' dir='ltr'>hominum</span> <span class='ocrx_word' id='word_1_77' title='bbox 356 854 522 903; x_wconf 84' lang='lat' dir='ltr'>publico</span> <span class='ocrx_word' id='word_1_78' title='bbox 567 854 694 893; x_wconf 80' lang='lat' dir='ltr'>exitio</span> <span class='ocrx_word' id='word_1_79' title='bbox 739 859 951 903; x_wconf 85' lang='lat' dir='ltr'>repertum</span> <span class='ocrx_word' id='word_1_80' title='bbox 998 859 1040 893; x_wconf 84' lang='lat' dir='ltr'>et</span> <span class='ocrx_word' id='word_1_81' title='bbox 1085 868 1137 893; x_wconf 90' lang='lat' dir='ltr'>ne</span> <span class='ocrx_word' id='word_1_82' title='bbox 1181 854 1324 903; x_wconf 89' lang='lat' dir='ltr'>poenis</span> <span class='ocrx_word' id='word_1_83' title='bbox 1346 868 1380 901; x_wconf 85' lang='lat'>15</span> 
     </span>
     <span class='ocr_line' id='line_1_13' title="bbox 92 916 1324 966; baseline 0.001 -12"><span class='ocrx_word' id='word_1_84' title='bbox 92 916 260 965; x_wconf 87' lang='lat' dir='ltr'>quidem</span> <span class='ocrx_word' id='word_1_85' title='bbox 293 932 490 965; x_wconf 89' lang='lat' dir='ltr'>umquam</span> <span class='ocrx_word' id='word_1_86' title='bbox 525 918 625 956; x_wconf 74' lang='lat' dir='ltr'>satis</span> <span class='ocrx_word' id='word_1_87' title='bbox 659 918 899 966; x_wconf 62' lang='lat' dir='ltr'>coercitum,</span> <span class='ocrx_word' id='word_1_88' title='bbox 929 932 1003 966; x_wconf 89' lang='lat' dir='ltr'>per</span> <span class='ocrx_word' id='word_1_89' title='bbox 1035 917 1219 966; x_wconf 88' lang='lat' dir='ltr'>praemia</span> <span class='ocrx_word' id='word_1_90' title='bbox 1253 917 1324 956; x_wconf 93' lang='lat' dir='ltr'>eli-</span> 
     </span>
     <span class='ocr_line' id='line_1_14' title="bbox 92 979 323 1018; baseline 0 0"><span class='ocrx_word' id='word_1_91' title='bbox 92 979 323 1018; x_wconf 83' lang='lat' dir='ltr'>ciebantur.</span> 
     </span>
    </p>

    <p class='ocr_par' dir='ltr' id='par_1_3' title="bbox 79 1043 1372 2172">
     <span class='ocr_line' id='line_1_15' title="bbox 169 1043 1322 1092; baseline 0.002 -12"><span class='ocrx_word' id='word_1_92' title='bbox 169 1043 241 1085; x_wconf 84' lang='lat'>31.</span> <span class='ocrx_word' id='word_1_93' title='bbox 298 1043 376 1081; x_wconf 84' lang='lat' dir='ltr'>His</span> <span class='ocrx_word' id='word_1_94' title='bbox 410 1048 497 1081; x_wconf 90' lang='lat' dir='ltr'>tam</span> <span class='ocrx_word' id='word_1_95' title='bbox 531 1043 718 1082; x_wconf 86' lang='lat' dir='ltr'>adsiduis</span> <span class='ocrx_word' id='word_1_96' title='bbox 751 1048 921 1092; x_wconf 86' lang='lat' dir='ltr'>tamque</span> <span class='ocrx_word' id='word_1_97' title='bbox 954 1044 1125 1082; x_wconf 86' lang='lat' dir='ltr'>maestis</span> <span class='ocrx_word' id='word_1_98' title='bbox 1157 1044 1322 1083; x_wconf 87' lang='lat' dir='ltr'>modica</span> 
     </span>
     <span class='ocr_line' id='line_1_16' title="bbox 90 1106 1320 1157; baseline 0.002 -13"><span class='ocrx_word' id='word_1_99' title='bbox 90 1106 252 1145; x_wconf 88' lang='lat' dir='ltr'>laetitia</span> <span class='ocrx_word' id='word_1_100' title='bbox 302 1107 551 1155; x_wconf 75' lang='lat' dir='ltr'>intel-icitur,</span> <span class='ocrx_word' id='word_1_101' title='bbox 599 1107 711 1155; x_wconf 87' lang='lat' dir='ltr'>quod</span> <span class='ocrx_word' id='word_1_102' title='bbox 763 1108 806 1147; x_wconf 90' lang='lat' dir='ltr'>C.</span> <span class='ocrx_word' id='word_1_103' title='bbox 855 1108 1091 1147; x_wconf 87' lang='lat' dir='ltr'>Cominium</span> <span class='ocrx_word' id='word_1_104' title='bbox 1138 1108 1320 1157; x_wconf 85' lang='lat' dir='ltr'>equitem</span> 
     </span>
     <span class='ocr_line' id='line_1_17' title="bbox 91 1168 1321 1219; baseline 0.003 -13"><span class='ocrx_word' id='word_1_105' title='bbox 91 1168 336 1217; x_wconf 88' lang='lat' dir='ltr'>Romanum,</span> <span class='ocrx_word' id='word_1_106' title='bbox 358 1169 547 1218; x_wconf 85' lang='lat' dir='ltr'>probrosi</span> <span class='ocrx_word' id='word_1_107' title='bbox 567 1170 609 1207; x_wconf 89' lang='lat' dir='ltr'>in</span> <span class='ocrx_word' id='word_1_108' title='bbox 625 1184 667 1208; x_wconf 87' lang='lat' dir='ltr'>se</span> <span class='ocrx_word' id='word_1_109' title='bbox 684 1171 881 1209; x_wconf 86' lang='lat' dir='ltr'>carminis</span> <span class='ocrx_word' id='word_1_110' title='bbox 896 1171 1148 1219; x_wconf 87' lang='lat' dir='ltr'>conuictum,</span> <span class='ocrx_word' id='word_1_111' title='bbox 1167 1170 1321 1210; x_wconf 87' lang='lat' dir='ltr'>Caesar</span> 
     </span>
     <span class='ocr_line' id='line_1_18' title="bbox 88 1231 1319 1283; baseline 0.003 -14"><span class='ocrx_word' id='word_1_112' title='bbox 88 1231 281 1280; x_wconf 82' lang='lat' dir='ltr'>precibus</span> <span class='ocrx_word' id='word_1_113' title='bbox 317 1231 474 1280; x_wconf 75' lang='lat' dir='ltr'>fratris,</span> <span class='ocrx_word' id='word_1_114' title='bbox 512 1232 582 1281; x_wconf 92' lang='lat' dir='ltr'>qui</span> <span class='ocrx_word' id='word_1_115' title='bbox 621 1237 789 1272; x_wconf 89' lang='lat' dir='ltr'>senator</span> <span class='ocrx_word' id='word_1_116' title='bbox 827 1238 930 1283; x_wconf 88' lang='lat' dir='ltr'>erat,</span> <span class='ocrx_word' id='word_1_117' title='bbox 965 1234 1180 1273; x_wconf 79' lang='lat' dir='ltr'>concessit.</span> <span class='ocrx_word' id='word_1_118' title='bbox 1237 1248 1319 1282; x_wconf 90' lang='lat' dir='ltr'>quo</span> 
     </span>
     <span class='ocr_line' id='line_1_19' title="bbox 87 1294 1354 1348; baseline 0.003 -16"><span class='ocrx_word' id='word_1_119' title='bbox 87 1294 221 1343; x_wconf 78' lang='lat' dir='ltr'>inagis</span> <span class='ocrx_word' id='word_1_120' title='bbox 246 1294 397 1333; x_wconf 85' lang='lat' dir='ltr'>mirum</span> <span class='ocrx_word' id='word_1_121' title='bbox 422 1295 661 1334; x_wconf 81' lang='lat' dir='ltr'>habebatur</span> <span class='ocrx_word' id='word_1_122' title='bbox 687 1310 868 1345; x_wconf 84' lang='lat' dir='ltr'>gnarum</span> <span class='ocrx_word' id='word_1_123' title='bbox 894 1297 1125 1346; x_wconf 89' lang='lat' dir='ltr'>meliorum,</span> <span class='ocrx_word' id='word_1_124' title='bbox 1147 1302 1188 1336; x_wconf 87' lang='lat' dir='ltr'>et</span> <span class='ocrx_word' id='word_1_125' title='bbox 1211 1312 1318 1346; x_wconf 86' lang='lat' dir='ltr'>quae</span> <span class='ocrx_word' id='word_1_126' title='bbox 1338 1316 1354 1348; x_wconf 86' lang='lat'><strong>5</strong></span> 
     </span>
     <span class='ocr_line' id='line_1_20' title="bbox 86 1359 1317 1411; baseline 0.003 -14"><span class='ocrx_word' id='word_1_127' title='bbox 86 1359 199 1398; x_wconf 77' lang='lat' dir='ltr'>fama</span> <span class='ocrx_word' id='word_1_128' title='bbox 220 1359 483 1398; x_wconf 85' lang='lat' dir='ltr'>clementiam</span> <span class='ocrx_word' id='word_1_129' title='bbox 506 1366 762 1409; x_wconf 86' lang='lat' dir='ltr'>sequeretur,</span> <span class='ocrx_word' id='word_1_130' title='bbox 784 1361 971 1400; x_wconf 85' lang='lat' dir='ltr'>tristiora</span> <span class='ocrx_word' id='word_1_131' title='bbox 990 1362 1127 1401; x_wconf 87' lang='lat' dir='ltr'>malle.</span> <span class='ocrx_word' id='word_1_132' title='bbox 1182 1376 1317 1411; x_wconf 85' lang='lat' dir='ltr'>neque</span> 
     </span>
     <span class='ocr_line' id='line_1_21' title="bbox 86 1422 1316 1473; baseline 0.003 -14"><span class='ocrx_word' id='word_1_133' title='bbox 86 1422 196 1460; x_wconf 89' lang='lat' dir='ltr'>enim</span> <span class='ocrx_word' id='word_1_134' title='bbox 225 1422 414 1460; x_wconf 86' lang='lat' dir='ltr'>socordia</span> <span class='ocrx_word' id='word_1_135' title='bbox 442 1423 667 1471; x_wconf 78' lang='lat' dir='ltr'>peccabat3</span> <span class='ocrx_word' id='word_1_136' title='bbox 702 1438 776 1462; x_wconf 90' lang='lat' dir='ltr'>nec</span> <span class='ocrx_word' id='word_1_137' title='bbox 806 1424 1017 1462; x_wconf 88' lang='lat' dir='ltr'>occultum</span> <span class='ocrx_word' id='word_1_138' title='bbox 1046 1428 1120 1473; x_wconf 88' lang='lat' dir='ltr'>est,</span> <span class='ocrx_word' id='word_1_139' title='bbox 1147 1425 1316 1473; x_wconf 88' lang='lat' dir='ltr'>quando</span> 
     </span>
     <span class='ocr_line' id='line_1_22' title="bbox 85 1484 1316 1537; baseline 0.004 -15"><span class='ocrx_word' id='word_1_140' title='bbox 85 1498 136 1523; x_wconf 81' lang='lat' dir='ltr'>ex</span> <span class='ocrx_word' id='word_1_141' title='bbox 155 1484 344 1533; x_wconf 87' lang='lat' dir='ltr'>ueritate,</span> <span class='ocrx_word' id='word_1_142' title='bbox 361 1485 529 1533; x_wconf 87' lang='lat' dir='ltr'>quando</span> <span class='ocrx_word' id='word_1_143' title='bbox 550 1486 804 1525; x_wconf 85' lang='lat' dir='ltr'>adumbrata</span> <span class='ocrx_word' id='word_1_144' title='bbox 824 1487 986 1526; x_wconf 85' lang='lat' dir='ltr'>laetitia</span> <span class='ocrx_word' id='word_1_145' title='bbox 1004 1487 1121 1526; x_wconf 79' lang='lat' dir='ltr'>facta</span> <span class='ocrx_word' id='word_1_146' title='bbox 1140 1488 1316 1537; x_wconf 84' lang='lat' dir='ltr'>impera-</span> 
     </span>
     <span class='ocr_line' id='line_1_23' title="bbox 84 1547 1315 1599; baseline 0.004 -14"><span class='ocrx_word' id='word_1_147' title='bbox 84 1552 222 1586; x_wconf 87' lang='lat' dir='ltr'>torum</span> <span class='ocrx_word' id='word_1_148' title='bbox 251 1547 528 1587; x_wconf 83' lang='lat' dir='ltr'>celebrentur.</span> <span class='ocrx_word' id='word_1_149' title='bbox 583 1549 685 1597; x_wconf 87' lang='lat' dir='ltr'>quin</span> <span class='ocrx_word' id='word_1_150' title='bbox 722 1550 822 1598; x_wconf 88' lang='lat' dir='ltr'>ipse,</span> <span class='ocrx_word' id='word_1_151' title='bbox 852 1551 1104 1599; x_wconf 90' lang='lat' dir='ltr'>compositus</span> <span class='ocrx_word' id='word_1_152' title='bbox 1138 1551 1241 1589; x_wconf 89' lang='lat' dir='ltr'>alias</span> <span class='ocrx_word' id='word_1_153' title='bbox 1274 1557 1315 1590; x_wconf 90' lang='lat' dir='ltr'>et</span> 
     </span>
     <span class='ocr_line' id='line_1_24' title="bbox 83 1611 1372 1665; baseline 0.005 -16"><span class='ocrx_word' id='word_1_154' title='bbox 83 1611 199 1650; x_wconf 88' lang='lat' dir='ltr'>uelut</span> <span class='ocrx_word' id='word_1_155' title='bbox 227 1612 502 1651; x_wconf 81' lang='lat' dir='ltr'>eluctantium</span> <span class='ocrx_word' id='word_1_156' title='bbox 531 1614 767 1662; x_wconf 89' lang='lat' dir='ltr'>uerborum,</span> <span class='ocrx_word' id='word_1_157' title='bbox 797 1614 972 1653; x_wconf 84' lang='lat' dir='ltr'>solutius</span> <span class='ocrx_word' id='word_1_158' title='bbox 999 1616 1314 1665; x_wconf 88' lang='lat' dir='ltr'>promptiusque</span> <span class='ocrx_word' id='word_1_159' title='bbox 1335 1636 1372 1658; x_wconf 93' lang='lat'>10</span> 
     </span>
     <span class='ocr_line' id='line_1_25' title="bbox 83 1675 1312 1728; baseline 0.003 -15"><span class='ocrx_word' id='word_1_160' title='bbox 83 1675 369 1724; x_wconf 83' lang='lat' dir='ltr'>eloquebatur,</span> <span class='ocrx_word' id='word_1_161' title='bbox 403 1676 595 1724; x_wconf 87' lang='lat' dir='ltr'>quotiens</span> <span class='ocrx_word' id='word_1_162' title='bbox 632 1677 888 1716; x_wconf 85' lang='lat' dir='ltr'>subueniret.</span> <span class='ocrx_word' id='word_1_163' title='bbox 945 1682 989 1716; x_wconf 89' lang='lat' dir='ltr'>at</span> <span class='ocrx_word' id='word_1_164' title='bbox 1024 1678 1068 1717; x_wconf 87' lang='lat' dir='ltr'>P.</span> <span class='ocrx_word' id='word_1_165' title='bbox 1105 1678 1312 1728; x_wconf 79' lang='lat' dir='ltr'>Suillium,</span> 
     </span>
     <span class='ocr_line' id='line_1_26' title="bbox 82 1738 1313 1788; baseline 0.003 -12"><span class='ocrx_word' id='word_1_166' title='bbox 82 1744 345 1787; x_wconf 82' lang='lat' dir='ltr'>quaestorem</span> <span class='ocrx_word' id='word_1_167' title='bbox 359 1738 571 1787; x_wconf 83' lang='lat' dir='ltr'>quondam</span> <span class='ocrx_word' id='word_1_168' title='bbox 584 1738 836 1788; x_wconf 82' lang='lat' dir='ltr'>Germanici,</span> <span class='ocrx_word' id='word_1_169' title='bbox 850 1754 944 1779; x_wconf 82' lang='lat' dir='ltr'>cun]</span> <span class='ocrx_word' id='word_1_170' title='bbox 958 1741 1085 1779; x_wconf 87' lang='lat' dir='ltr'>Italia</span> <span class='ocrx_word' id='word_1_171' title='bbox 1098 1746 1313 1780; x_wconf 88' lang='lat' dir='ltr'>arceretur</span> 
     </span>
     <span class='ocr_line' id='line_1_27' title="bbox 81 1802 1310 1855; baseline 0.003 -16"><span class='ocrx_word' id='word_1_172' title='bbox 81 1802 298 1840; x_wconf 86' lang='lat' dir='ltr'>conuictus</span> <span class='ocrx_word' id='word_1_173' title='bbox 341 1802 561 1850; x_wconf 87' lang='lat' dir='ltr'>pecuniam</span> <span class='ocrx_word' id='word_1_174' title='bbox 605 1803 658 1841; x_wconf 94' lang='lat' dir='ltr'>ob</span> <span class='ocrx_word' id='word_1_175' title='bbox 702 1817 789 1842; x_wconf 91' lang='lat' dir='ltr'>rem</span> <span class='ocrx_word' id='word_1_176' title='bbox 833 1804 1104 1843; x_wconf 86' lang='lat' dir='ltr'>iudicandam</span> <span class='ocrx_word' id='word_1_177' title='bbox 1142 1805 1310 1855; x_wconf 87' lang='lat' dir='ltr'>cepisse,</span> 
     </span>
     <span class='ocr_line' id='line_1_28' title="bbox 81 1865 1311 1915; baseline 0.003 -12"><span class='ocrx_word' id='word_1_178' title='bbox 81 1865 360 1904; x_wconf 88' lang='lat' dir='ltr'>amouendum</span> <span class='ocrx_word' id='word_1_179' title='bbox 393 1865 437 1903; x_wconf 88' lang='lat' dir='ltr'>in</span> <span class='ocrx_word' id='word_1_180' title='bbox 469 1865 648 1904; x_wconf 86' lang='lat' dir='ltr'>insulam</span> <span class='ocrx_word' id='word_1_181' title='bbox 681 1866 854 1915; x_wconf 87' lang='lat' dir='ltr'>censuit,</span> <span class='ocrx_word' id='word_1_182' title='bbox 889 1871 1010 1905; x_wconf 80' lang='lat' dir='ltr'>tanta</span> <span class='ocrx_word' id='word_1_183' title='bbox 1043 1868 1311 1907; x_wconf 85' lang='lat' dir='ltr'>contentione</span> 
     </span>
     <span class='ocr_line' id='line_1_29' title="bbox 81 1929 1367 1981; baseline 0.002 -13"><span class='ocrx_word' id='word_1_184' title='bbox 81 1929 209 1968; x_wconf 84' lang='lat' dir='ltr'>animi</span> <span class='ocrx_word' id='word_1_185' title='bbox 237 1934 283 1966; x_wconf 88' lang='lat' dir='ltr'>ut</span> <span class='ocrx_word' id='word_1_186' title='bbox 310 1929 400 1967; x_wconf 90' lang='lat' dir='ltr'>iure</span> <span class='ocrx_word' id='word_1_187' title='bbox 428 1929 606 1968; x_wconf 85' lang='lat' dir='ltr'>iurando</span> <span class='ocrx_word' id='word_1_188' title='bbox 635 1929 917 1979; x_wconf 82' lang='lat' dir='ltr'>obstringeret</span> <span class='ocrx_word' id='word_1_189' title='bbox 946 1945 968 1970; x_wconf 93' lang='lat' dir='ltr'>e</span> <span class='ocrx_word' id='word_1_190' title='bbox 997 1945 1041 1970; x_wconf 92' lang='lat' dir='ltr'>re</span> <span class='ocrx_word' id='word_1_191' title='bbox 1070 1931 1239 1980; x_wconf 90' lang='lat' dir='ltr'>publica</span> <span class='ocrx_word' id='word_1_192' title='bbox 1267 1932 1309 1970; x_wconf 91' lang='lat' dir='ltr'>id</span> <span class='ocrx_word' id='word_1_193' title='bbox 1332 1949 1367 1981; x_wconf 85' lang='lat'>15</span> 
     </span>
     <span class='ocr_line' id='line_1_30' title="bbox 81 1991 1309 2043; baseline 0.003 -13"><span class='ocrx_word' id='word_1_194' title='bbox 81 2005 180 2031; x_wconf 85' lang='lat' dir='ltr'>esse.</span> <span class='ocrx_word' id='word_1_195' title='bbox 235 1991 347 2040; x_wconf 85' lang='lat' dir='ltr'>quod</span> <span class='ocrx_word' id='word_1_196' title='bbox 385 2006 530 2041; x_wconf 79' lang='lat' dir='ltr'>aspere</span> <span class='ocrx_word' id='word_1_197' title='bbox 567 1998 785 2042; x_wconf 88' lang='lat' dir='ltr'>acceptum</span> <span class='ocrx_word' id='word_1_198' title='bbox 820 1994 874 2032; x_wconf 86' lang='lat' dir='ltr'>ad</span> <span class='ocrx_word' id='word_1_199' title='bbox 908 2008 1104 2043; x_wconf 87' lang='lat' dir='ltr'>praesens</span> <span class='ocrx_word' id='word_1_200' title='bbox 1136 2010 1233 2034; x_wconf 86' lang='lat' dir='ltr'>mox</span> <span class='ocrx_word' id='word_1_201' title='bbox 1266 1996 1309 2035; x_wconf 89' lang='lat' dir='ltr'>in</span> 
     </span>
     <span class='ocr_line' id='line_1_31' title="bbox 79 2055 1309 2107; baseline 0.003 -13"><span class='ocrx_word' id='word_1_202' title='bbox 79 2055 247 2095; x_wconf 87' lang='lat' dir='ltr'>laudem</span> <span class='ocrx_word' id='word_1_203' title='bbox 277 2055 404 2094; x_wconf 85' lang='lat' dir='ltr'>uertit</span> <span class='ocrx_word' id='word_1_204' title='bbox 431 2070 620 2104; x_wconf 87' lang='lat' dir='ltr'>regresso</span> <span class='ocrx_word' id='word_1_205' title='bbox 648 2057 817 2105; x_wconf 83' lang='lat' dir='ltr'>Suilli0;</span> <span class='ocrx_word' id='word_1_206' title='bbox 847 2072 971 2106; x_wconf 90' lang='lat' dir='ltr'>quem</span> <span class='ocrx_word' id='word_1_207' title='bbox 997 2058 1104 2097; x_wconf 87' lang='lat' dir='ltr'>uidit</span> <span class='ocrx_word' id='word_1_208' title='bbox 1133 2073 1309 2107; x_wconf 84' lang='lat' dir='ltr'>sequens</span> 
     </span>
     <span class='ocr_line' id='line_1_32' title="bbox 80 2119 1308 2172; baseline 0.002 -14"><span class='ocrx_word' id='word_1_209' title='bbox 80 2125 195 2158; x_wconf 88' lang='lat' dir='ltr'>aeta-s</span> <span class='ocrx_word' id='word_1_210' title='bbox 232 2122 559 2167; x_wconf 86' lang='lat' dir='ltr'>praepotentem,</span> <span class='ocrx_word' id='word_1_211' title='bbox 597 2119 788 2159; x_wconf 84' lang='lat' dir='ltr'>uenalem</span> <span class='ocrx_word' id='word_1_212' title='bbox 827 2124 867 2159; x_wconf 90' lang='lat' dir='ltr'>et</span> <span class='ocrx_word' id='word_1_213' title='bbox 906 2120 1071 2160; x_wconf 87' lang='lat' dir='ltr'>Claudii</span> <span class='ocrx_word' id='word_1_214' title='bbox 1109 2122 1308 2172; x_wconf 87' lang='lat' dir='ltr'>principis</span> 
     </span>
    </p>
   </div>
  </div>
 </body>
</html>
