<?xml version="1.0" encoding="UTF-8"?>
<!DOCTYPE html PUBLIC "-//W3C//DTD XHTML 1.0 Transitional//EN"
    "http://www.w3.org/TR/xhtml1/DTD/xhtml1-transitional.dtd">
<html xmlns="http://www.w3.org/1999/xhtml" xml:lang="en" lang="en">
 <head>
  <title>
</title>
<meta http-equiv="Content-Type" content="text/html;charset=utf-8" />
  <meta name='ocr-system' content='tesseract 3.04.00' />
  <meta name='ocr-capabilities' content='ocr_page ocr_carea ocr_par ocr_line ocrx_word'/>
</head>
<body>
  <div class='ocr_page' id='page_1' title='image "annalsoftacitus00taci_0077.png"; bbox 0 0 1464 2384; ppageno 0'>
   <div class='ocr_carea' id='block_1_1' title="bbox 245 585 1202 633">
    <p class='ocr_par' dir='ltr' id='par_1_1' title="bbox 245 585 1202 633">
     <span class='ocr_line' id='line_1_1' title="bbox 245 585 1202 633; baseline 0.001 -11"><span class='ocrx_word' id='word_1_1' title='bbox 245 586 465 633; x_wconf 82' lang='lat' dir='ltr'>Chapters</span> <span class='ocrx_word' id='word_1_2' title='bbox 497 585 697 622; x_wconf 85' lang='lat'>62—67:</span> <span class='ocrx_word' id='word_1_3' title='bbox 739 587 910 623; x_wconf 82' lang='lat' dir='ltr'>Events</span> <span class='ocrx_word' id='word_1_4' title='bbox 941 586 991 623; x_wconf 88' lang='lat' dir='ltr'>of</span> <span class='ocrx_word' id='word_1_5' title='bbox 1017 586 1078 623; x_wconf 85' lang='lat'>27</span> <span class='ocrx_word' id='word_1_6' title='bbox 1101 587 1202 623; x_wconf 93' lang='lat' dir='ltr'><strong>A.D.</strong></span> 
     </span>
    </p>
   </div>
   <div class='ocr_carea' id='block_1_2' title="bbox 99 714 1393 2155">
    <p class='ocr_par' dir='ltr' id='par_1_2' title="bbox 99 714 1393 2155">
     <span class='ocr_line' id='line_1_2' title="bbox 185 714 1334 764; baseline 0.001 -11"><span class='ocrx_word' id='word_1_7' title='bbox 185 715 255 758; x_wconf 83' lang='grc'>62.</span> <span class='ocrx_word' id='word_1_8' title='bbox 299 715 356 753; x_wconf 92' lang='lat' dir='ltr'>M.</span> <span class='ocrx_word' id='word_1_9' title='bbox 371 715 529 753; x_wconf 88' lang='lat' dir='ltr'>Licinio</span> <span class='ocrx_word' id='word_1_10' title='bbox 544 715 588 753; x_wconf 86' lang='lat' dir='ltr'>L.</span> <span class='ocrx_word' id='word_1_11' title='bbox 603 714 829 763; x_wconf 83' lang='lat' dir='ltr'>Calpurnio</span> <span class='ocrx_word' id='word_1_12' title='bbox 844 715 1084 753; x_wconf 81' lang='lat' dir='ltr'>oonsulibus</span> <span class='ocrx_word' id='word_1_13' title='bbox 1096 715 1334 764; x_wconf 83' lang='lat' dir='ltr'>ingentium</span> 
     </span>
     <span class='ocr_line' id='line_1_3' title="bbox 105 778 1335 827; baseline 0.001 -11"><span class='ocrx_word' id='word_1_14' title='bbox 105 778 310 817; x_wconf 86' lang='lat' dir='ltr'>bellorum</span> <span class='ocrx_word' id='word_1_15' title='bbox 336 778 499 817; x_wconf 88' lang='lat' dir='ltr'>cladem</span> <span class='ocrx_word' id='word_1_16' title='bbox 526 778 725 826; x_wconf 84' lang='lat' dir='ltr'>aequauit</span> <span class='ocrx_word' id='word_1_17' title='bbox 752 778 908 816; x_wconf 87' lang='lat' dir='ltr'>malum</span> <span class='ocrx_word' id='word_1_18' title='bbox 934 778 1194 827; x_wconf 85' lang='lat' dir='ltr'>inprouisum</span> <span class='ocrx_word' id='word_1_19' title='bbox 1208 796 1217 826; x_wconf 90' lang='lat'>;</span> <span class='ocrx_word' id='word_1_20' title='bbox 1247 779 1335 818; x_wconf 86' lang='lat' dir='ltr'>eius</span> 
     </span>
     <span class='ocr_line' id='line_1_4' title="bbox 104 840 1335 890; baseline 0.001 -12"><span class='ocrx_word' id='word_1_21' title='bbox 104 840 271 878; x_wconf 87' lang='lat' dir='ltr'>initium</span> <span class='ocrx_word' id='word_1_22' title='bbox 309 840 431 878; x_wconf 91' lang='lat' dir='ltr'>simul</span> <span class='ocrx_word' id='word_1_23' title='bbox 470 844 511 879; x_wconf 89' lang='lat' dir='ltr'>et</span> <span class='ocrx_word' id='word_1_24' title='bbox 549 840 642 878; x_wconf 86' lang='lat' dir='ltr'>finis</span> <span class='ocrx_word' id='word_1_25' title='bbox 676 840 851 879; x_wconf 88' lang='lat' dir='ltr'>exstitit.</span> <span class='ocrx_word' id='word_1_26' title='bbox 908 855 1007 879; x_wconf 92' lang='lat' dir='ltr'>nam</span> <span class='ocrx_word' id='word_1_27' title='bbox 1040 845 1187 890; x_wconf 86' lang='lat' dir='ltr'>coepto</span> <span class='ocrx_word' id='word_1_28' title='bbox 1221 841 1335 890; x_wconf 87' lang='lat' dir='ltr'>apud</span> 
     </span>
     <span class='ocr_line' id='line_1_5' title="bbox 105 903 1334 953; baseline 0.001 -11"><span class='ocrx_word' id='word_1_29' title='bbox 105 903 307 942; x_wconf 85' lang='lat' dir='ltr'>Fidenam</span> <span class='ocrx_word' id='word_1_30' title='bbox 357 903 669 952; x_wconf 84' lang='lat' dir='ltr'>amphitheatro</span> <span class='ocrx_word' id='word_1_31' title='bbox 719 904 877 942; x_wconf 87' lang='lat' dir='ltr'>Atilius</span> <span class='ocrx_word' id='word_1_32' title='bbox 927 904 1098 953; x_wconf 87' lang='lat' dir='ltr'>quidam</span> <span class='ocrx_word' id='word_1_33' title='bbox 1148 905 1334 944; x_wconf 86' lang='lat' dir='ltr'>libertini</span> 
     </span>
     <span class='ocr_line' id='line_1_6' title="bbox 104 967 1371 1016; baseline 0.001 -11"><span class='ocrx_word' id='word_1_34' title='bbox 104 967 281 1015; x_wconf 83' lang='lat' dir='ltr'>generis,</span> <span class='ocrx_word' id='word_1_35' title='bbox 320 982 401 1016; x_wconf 88' lang='lat' dir='ltr'>quo</span> <span class='ocrx_word' id='word_1_36' title='bbox 440 967 726 1015; x_wconf 74' lang='lat' dir='ltr'>spectaculum</span> <span class='ocrx_word' id='word_1_37' title='bbox 764 967 1049 1015; x_wconf 81' lang='lat' dir='ltr'>gladiatorum</span> <span class='ocrx_word' id='word_1_38' title='bbox 1087 968 1333 1016; x_wconf 74' lang='lat' dir='ltr'>celebraret,</span> <span class='ocrx_word' id='word_1_39' title='bbox 1355 981 1371 1014; x_wconf 87' lang='lat'><strong>5</strong></span> 
     </span>
     <span class='ocr_line' id='line_1_7' title="bbox 104 1030 1334 1079; baseline 0 -10"><span class='ocrx_word' id='word_1_40' title='bbox 104 1044 239 1079; x_wconf 87' lang='lat' dir='ltr'>neque</span> <span class='ocrx_word' id='word_1_41' title='bbox 281 1030 560 1068; x_wconf 77' lang='lat' dir='ltr'>fundamenta</span> <span class='ocrx_word' id='word_1_42' title='bbox 607 1044 680 1078; x_wconf 85' lang='lat' dir='ltr'>per</span> <span class='ocrx_word' id='word_1_43' title='bbox 727 1030 905 1068; x_wconf 88' lang='lat' dir='ltr'>solidum</span> <span class='ocrx_word' id='word_1_44' title='bbox 952 1030 1154 1077; x_wconf 88' lang='lat' dir='ltr'>subdidit,</span> <span class='ocrx_word' id='word_1_45' title='bbox 1199 1044 1334 1079; x_wconf 83' lang='lat' dir='ltr'>neque</span> 
     </span>
     <span class='ocr_line' id='line_1_8' title="bbox 104 1093 1333 1143; baseline 0.002 -12"><span class='ocrx_word' id='word_1_46' title='bbox 104 1094 234 1132; x_wconf 86' lang='lat' dir='ltr'>firmis</span> <span class='ocrx_word' id='word_1_47' title='bbox 266 1093 445 1132; x_wconf 79' lang='lat' dir='ltr'>nexibus</span> <span class='ocrx_word' id='word_1_48' title='bbox 473 1093 658 1141; x_wconf 82' lang='lat' dir='ltr'>ligneam</span> <span class='ocrx_word' id='word_1_49' title='bbox 687 1107 932 1142; x_wconf 76' lang='lat' dir='ltr'>compagem</span> <span class='ocrx_word' id='word_1_50' title='bbox 962 1095 1256 1143; x_wconf 82' lang='lat' dir='ltr'>superstruxit,</span> <span class='ocrx_word' id='word_1_51' title='bbox 1287 1100 1333 1135; x_wconf 89' lang='lat' dir='ltr'>ut</span> 
     </span>
     <span class='ocr_line' id='line_1_9' title="bbox 104 1156 1334 1207; baseline 0.002 -12"><span class='ocrx_word' id='word_1_52' title='bbox 104 1157 175 1206; x_wconf 89' lang='lat' dir='ltr'>qui</span> <span class='ocrx_word' id='word_1_53' title='bbox 212 1172 295 1196; x_wconf 89' lang='lat' dir='ltr'>non</span> <span class='ocrx_word' id='word_1_54' title='bbox 328 1156 592 1195; x_wconf 86' lang='lat' dir='ltr'>abundantia</span> <span class='ocrx_word' id='word_1_55' title='bbox 626 1157 827 1205; x_wconf 89' lang='lat' dir='ltr'>pecuniae</span> <span class='ocrx_word' id='word_1_56' title='bbox 861 1172 937 1196; x_wconf 90' lang='lat' dir='ltr'>nec</span> <span class='ocrx_word' id='word_1_57' title='bbox 972 1158 1215 1207; x_wconf 80' lang='lat' dir='ltr'>municipali</span> <span class='ocrx_word' id='word_1_58' title='bbox 1249 1174 1334 1198; x_wconf 90' lang='lat' dir='ltr'>am-</span> 
     </span>
     <span class='ocr_line' id='line_1_10' title="bbox 103 1219 1331 1271; baseline 0.002 -13"><span class='ocrx_word' id='word_1_59' title='bbox 103 1220 274 1268; x_wconf 85' lang='lat' dir='ltr'>bitione,</span> <span class='ocrx_word' id='word_1_60' title='bbox 313 1220 386 1258; x_wconf 89' lang='lat' dir='ltr'>sed</span> <span class='ocrx_word' id='word_1_61' title='bbox 427 1220 470 1258; x_wconf 93' lang='lat' dir='ltr'>in</span> <span class='ocrx_word' id='word_1_62' title='bbox 508 1219 723 1258; x_wconf 89' lang='lat' dir='ltr'>sordidam</span> <span class='ocrx_word' id='word_1_63' title='bbox 762 1221 997 1260; x_wconf 80' lang='lat' dir='ltr'>mercedem</span> <span class='ocrx_word' id='word_1_64' title='bbox 1034 1222 1077 1260; x_wconf 93' lang='lat' dir='ltr'>id</span> <span class='ocrx_word' id='word_1_65' title='bbox 1117 1223 1331 1271; x_wconf 81' lang='lat' dir='ltr'>negotium</span> 
     </span>
     <span class='ocr_line' id='line_1_11' title="bbox 102 1283 1393 1334; baseline 0.002 -13"><span class='ocrx_word' id='word_1_66' title='bbox 102 1283 388 1331; x_wconf 85' lang='lat' dir='ltr'>quaesiuisset.</span> <span class='ocrx_word' id='word_1_67' title='bbox 443 1283 658 1322; x_wconf 81' lang='lat' dir='ltr'>adfluxere</span> <span class='ocrx_word' id='word_1_68' title='bbox 703 1283 817 1322; x_wconf 88' lang='lat' dir='ltr'>auidi</span> <span class='ocrx_word' id='word_1_69' title='bbox 862 1284 1022 1333; x_wconf 87' lang='lat' dir='ltr'>talium,</span> <span class='ocrx_word' id='word_1_70' title='bbox 1064 1285 1333 1334; x_wconf 70' lang='lat' dir='ltr'>imperitante</span> <span class='ocrx_word' id='word_1_71' title='bbox 1356 1302 1393 1323; x_wconf 93' lang='lat'>10</span> 
     </span>
     <span class='ocr_line' id='line_1_12' title="bbox 102 1346 1332 1396; baseline 0.003 -12"><span class='ocrx_word' id='word_1_72' title='bbox 102 1346 267 1385; x_wconf 81' lang='lat' dir='ltr'>Tiberio</span> <span class='ocrx_word' id='word_1_73' title='bbox 288 1347 435 1395; x_wconf 88' lang='lat' dir='ltr'>procul</span> <span class='ocrx_word' id='word_1_74' title='bbox 456 1347 745 1395; x_wconf 86' lang='lat' dir='ltr'>uoluptatibus</span> <span class='ocrx_word' id='word_1_75' title='bbox 761 1347 909 1396; x_wconf 90' lang='lat' dir='ltr'>habiti,</span> <span class='ocrx_word' id='word_1_76' title='bbox 928 1348 1047 1387; x_wconf 84' lang='lat' dir='ltr'>uirile</span> <span class='ocrx_word' id='word_1_77' title='bbox 1064 1363 1113 1387; x_wconf 92' lang='lat' dir='ltr'>ac</span> <span class='ocrx_word' id='word_1_78' title='bbox 1129 1349 1332 1388; x_wconf 86' lang='lat' dir='ltr'>muliebre</span> 
     </span>
     <span class='ocr_line' id='line_1_13' title="bbox 102 1410 1331 1461; baseline 0.003 -13"><span class='ocrx_word' id='word_1_79' title='bbox 102 1423 232 1458; x_wconf 90' lang='lat' dir='ltr'>secus,</span> <span class='ocrx_word' id='word_1_80' title='bbox 253 1410 386 1449; x_wconf 87' lang='lat' dir='ltr'>omnis</span> <span class='ocrx_word' id='word_1_81' title='bbox 412 1414 540 1459; x_wconf 87' lang='lat' dir='ltr'>aetas,</span> <span class='ocrx_word' id='word_1_82' title='bbox 565 1410 618 1449; x_wconf 89' lang='lat' dir='ltr'>ob</span> <span class='ocrx_word' id='word_1_83' title='bbox 646 1411 1002 1460; x_wconf 86' lang='lat' dir='ltr'>propinquitatem</span> <span class='ocrx_word' id='word_1_84' title='bbox 1029 1413 1109 1451; x_wconf 89' lang='lat' dir='ltr'>loci</span> <span class='ocrx_word' id='word_1_85' title='bbox 1135 1414 1331 1461; x_wconf 79' lang='lat' dir='ltr'>effusius3</span> 
     </span>
     <span class='ocr_line' id='line_1_14' title="bbox 102 1473 1332 1525; baseline 0.004 -15"><span class='ocrx_word' id='word_1_86' title='bbox 102 1473 212 1511; x_wconf 87' lang='lat' dir='ltr'>unde</span> <span class='ocrx_word' id='word_1_87' title='bbox 246 1473 417 1521; x_wconf 85' lang='lat' dir='ltr'>grauior</span> <span class='ocrx_word' id='word_1_88' title='bbox 450 1473 578 1522; x_wconf 88' lang='lat' dir='ltr'>pestis</span> <span class='ocrx_word' id='word_1_89' title='bbox 610 1473 703 1522; x_wconf 78' lang='lat' dir='ltr'>fuit,</span> <span class='ocrx_word' id='word_1_90' title='bbox 734 1474 925 1513; x_wconf 83' lang='lat' dir='ltr'>conferta</span> <span class='ocrx_word' id='word_1_91' title='bbox 958 1476 1077 1525; x_wconf 90' lang='lat' dir='ltr'>mole,</span> <span class='ocrx_word' id='word_1_92' title='bbox 1107 1476 1203 1515; x_wconf 90' lang='lat' dir='ltr'>dein</span> <span class='ocrx_word' id='word_1_93' title='bbox 1237 1491 1332 1516; x_wconf 86' lang='lat' dir='ltr'>con-</span> 
     </span>
     <span class='ocr_line' id='line_1_15' title="bbox 102 1536 1333 1584; baseline 0.004 -11"><span class='ocrx_word' id='word_1_94' title='bbox 102 1536 234 1584; x_wconf 90' lang='lat' dir='ltr'>uulsa,</span> <span class='ocrx_word' id='word_1_95' title='bbox 269 1536 368 1574; x_wconf 93' lang='lat' dir='ltr'>dum</span> <span class='ocrx_word' id='word_1_96' title='bbox 401 1536 486 1574; x_wconf 92' lang='lat' dir='ltr'>ruit</span> <span class='ocrx_word' id='word_1_97' title='bbox 519 1536 632 1574; x_wconf 88' lang='lat' dir='ltr'>intus</span> <span class='ocrx_word' id='word_1_98' title='bbox 665 1541 738 1575; x_wconf 88' lang='lat' dir='ltr'>aut</span> <span class='ocrx_word' id='word_1_99' title='bbox 771 1537 813 1575; x_wconf 91' lang='lat' dir='ltr'>in</span> <span class='ocrx_word' id='word_1_100' title='bbox 853 1538 1062 1577; x_wconf 83' lang='lat' dir='ltr'>exteriora</span> <span class='ocrx_word' id='word_1_101' title='bbox 1100 1540 1333 1578; x_wconf 83' lang='lat' dir='ltr'>effunditur</span> 
     </span>
     <span class='ocr_line' id='line_1_16' title="bbox 100 1599 1388 1650; baseline 0.004 -13"><span class='ocrx_word' id='word_1_102' title='bbox 100 1599 416 1648; x_wconf 78' lang='lat' dir='ltr'>inmensamque</span> <span class='ocrx_word' id='word_1_103' title='bbox 458 1600 541 1638; x_wconf 87' lang='lat' dir='ltr'>uim</span> <span class='ocrx_word' id='word_1_104' title='bbox 580 1601 833 1649; x_wconf 84' lang='lat' dir='ltr'>mortalium,</span> <span class='ocrx_word' id='word_1_105' title='bbox 872 1603 1111 1650; x_wconf 83' lang='lat' dir='ltr'>spectaculo</span> <span class='ocrx_word' id='word_1_106' title='bbox 1148 1603 1331 1642; x_wconf 87' lang='lat' dir='ltr'>intentos</span> <span class='ocrx_word' id='word_1_107' title='bbox 1354 1616 1388 1647; x_wconf 88' lang='lat'>15</span> 
     </span>
     <span class='ocr_line' id='line_1_17' title="bbox 101 1663 1330 1715; baseline 0.003 -15"><span class='ocrx_word' id='word_1_108' title='bbox 101 1667 175 1701; x_wconf 87' lang='lat' dir='ltr'>aut</span> <span class='ocrx_word' id='word_1_109' title='bbox 215 1663 285 1711; x_wconf 87' lang='lat' dir='ltr'>qui</span> <span class='ocrx_word' id='word_1_110' title='bbox 324 1663 480 1701; x_wconf 81' lang='lat' dir='ltr'>circuni</span> <span class='ocrx_word' id='word_1_111' title='bbox 518 1663 758 1713; x_wconf 84' lang='lat' dir='ltr'>adstabant,</span> <span class='ocrx_word' id='word_1_112' title='bbox 797 1678 996 1713; x_wconf 88' lang='lat' dir='ltr'>praeceps</span> <span class='ocrx_word' id='word_1_113' title='bbox 1034 1665 1167 1704; x_wconf 84' lang='lat' dir='ltr'>trahit</span> <span class='ocrx_word' id='word_1_114' title='bbox 1204 1670 1330 1715; x_wconf 83' lang='lat' dir='ltr'>atque</span> 
     </span>
     <span class='ocr_line' id='line_1_18' title="bbox 101 1725 1330 1777; baseline 0.002 -13"><span class='ocrx_word' id='word_1_115' title='bbox 101 1726 246 1775; x_wconf 84' lang='lat' dir='ltr'>operit.</span> <span class='ocrx_word' id='word_1_116' title='bbox 302 1730 344 1764; x_wconf 91' lang='lat' dir='ltr'>et</span> <span class='ocrx_word' id='word_1_117' title='bbox 376 1725 437 1763; x_wconf 89' lang='lat' dir='ltr'>illi</span> <span class='ocrx_word' id='word_1_118' title='bbox 469 1725 650 1774; x_wconf 85' lang='lat' dir='ltr'>quidem,</span> <span class='ocrx_word' id='word_1_119' title='bbox 680 1740 783 1774; x_wconf 87' lang='lat' dir='ltr'>quos</span> <span class='ocrx_word' id='word_1_120' title='bbox 816 1727 1067 1776; x_wconf 87' lang='lat' dir='ltr'>principium</span> <span class='ocrx_word' id='word_1_121' title='bbox 1101 1728 1255 1777; x_wconf 81' lang='lat' dir='ltr'>stragis</span> <span class='ocrx_word' id='word_1_122' title='bbox 1287 1729 1330 1767; x_wconf 92' lang='lat' dir='ltr'>in</span> 
     </span>
     <span class='ocr_line' id='line_1_19' title="bbox 100 1788 1328 1840; baseline 0.002 -13"><span class='ocrx_word' id='word_1_123' title='bbox 100 1793 276 1828; x_wconf 85' lang='lat' dir='ltr'>mortem</span> <span class='ocrx_word' id='word_1_124' title='bbox 299 1788 534 1837; x_wconf 86' lang='lat' dir='ltr'>adflixerat,</span> <span class='ocrx_word' id='word_1_125' title='bbox 556 1794 603 1828; x_wconf 88' lang='lat' dir='ltr'>ut</span> <span class='ocrx_word' id='word_1_126' title='bbox 623 1790 698 1828; x_wconf 90' lang='lat' dir='ltr'>tali</span> <span class='ocrx_word' id='word_1_127' title='bbox 718 1794 842 1838; x_wconf 86' lang='lat' dir='ltr'>sorte,</span> <span class='ocrx_word' id='word_1_128' title='bbox 863 1791 1097 1829; x_wconf 86' lang='lat' dir='ltr'>cruciatum</span> <span class='ocrx_word' id='word_1_129' title='bbox 1118 1792 1328 1840; x_wconf 71' lang='lat' dir='ltr'>effugere5</span> 
     </span>
     <span class='ocr_line' id='line_1_20' title="bbox 99 1851 1328 1903; baseline 0.003 -14"><span class='ocrx_word' id='word_1_130' title='bbox 99 1851 323 1890; x_wconf 87' lang='lat' dir='ltr'>miserandi</span> <span class='ocrx_word' id='word_1_131' title='bbox 343 1851 476 1900; x_wconf 83' lang='lat' dir='ltr'>magis</span> <span class='ocrx_word' id='word_1_132' title='bbox 491 1866 594 1900; x_wconf 81' lang='lat' dir='ltr'>quos</span> <span class='ocrx_word' id='word_1_133' title='bbox 609 1853 791 1901; x_wconf 87' lang='lat' dir='ltr'>abrupta</span> <span class='ocrx_word' id='word_1_134' title='bbox 806 1858 925 1902; x_wconf 85' lang='lat' dir='ltr'>parte</span> <span class='ocrx_word' id='word_1_135' title='bbox 942 1854 1126 1903; x_wconf 87' lang='lat' dir='ltr'>corporis</span> <span class='ocrx_word' id='word_1_136' title='bbox 1142 1855 1328 1893; x_wconf 85' lang='lat' dir='ltr'>nondum</span> 
     </span>
     <span class='ocr_line' id='line_1_21' title="bbox 100 1914 1389 1967; baseline 0.004 -14"><span class='ocrx_word' id='word_1_137' title='bbox 100 1915 189 1953; x_wconf 85' lang='lat' dir='ltr'>uita</span> <span class='ocrx_word' id='word_1_138' title='bbox 227 1914 491 1963; x_wconf 84' lang='lat' dir='ltr'>deseruerat3</span> <span class='ocrx_word' id='word_1_139' title='bbox 542 1916 613 1964; x_wconf 89' lang='lat' dir='ltr'>qui</span> <span class='ocrx_word' id='word_1_140' title='bbox 651 1930 725 1965; x_wconf 90' lang='lat' dir='ltr'>per</span> <span class='ocrx_word' id='word_1_141' title='bbox 762 1917 873 1956; x_wconf 85' lang='lat' dir='ltr'>diem</span> <span class='ocrx_word' id='word_1_142' title='bbox 911 1918 1015 1966; x_wconf 85' lang='lat' dir='ltr'>uisu,</span> <span class='ocrx_word' id='word_1_143' title='bbox 1053 1933 1127 1967; x_wconf 87' lang='lat' dir='ltr'>per</span> <span class='ocrx_word' id='word_1_144' title='bbox 1163 1922 1329 1958; x_wconf 88' lang='lat' dir='ltr'>noctem</span> <span class='ocrx_word' id='word_1_145' title='bbox 1349 1938 1389 1959; x_wconf 90' lang='lat'>20</span> 
     </span>
     <span class='ocr_line' id='line_1_22' title="bbox 99 1978 1328 2027; baseline 0.003 -11"><span class='ocrx_word' id='word_1_146' title='bbox 99 1978 331 2016; x_wconf 89' lang='lat' dir='ltr'>ululatibus</span> <span class='ocrx_word' id='word_1_147' title='bbox 355 1982 397 2016; x_wconf 89' lang='lat' dir='ltr'>et</span> <span class='ocrx_word' id='word_1_148' title='bbox 420 1978 577 2026; x_wconf 83' lang='lat' dir='ltr'>gemitu</span> <span class='ocrx_word' id='word_1_149' title='bbox 603 1979 801 2027; x_wconf 81' lang='lat' dir='ltr'>coniuges</span> <span class='ocrx_word' id='word_1_150' title='bbox 821 1985 895 2019; x_wconf 88' lang='lat' dir='ltr'>aut</span> <span class='ocrx_word' id='word_1_151' title='bbox 914 1981 1067 2019; x_wconf 81' lang='lat' dir='ltr'>liberos</span> <span class='ocrx_word' id='word_1_152' title='bbox 1086 1982 1328 2021; x_wconf 87' lang='lat' dir='ltr'>noscebant.</span> 
     </span>
     <span class='ocr_line' id='line_1_23' title="bbox 100 2040 1328 2093; baseline 0.004 -15"><span class='ocrx_word' id='word_1_153' title='bbox 100 2041 183 2079; x_wconf 87' lang='lat' dir='ltr'>iam</span> <span class='ocrx_word' id='word_1_154' title='bbox 208 2040 335 2078; x_wconf 83' lang='lat' dir='ltr'>ceteri</span> <span class='ocrx_word' id='word_1_155' title='bbox 354 2040 468 2079; x_wconf 77' lang='lat' dir='ltr'>fama</span> <span class='ocrx_word' id='word_1_156' title='bbox 488 2041 627 2089; x_wconf 82' lang='lat' dir='ltr'>exciti,</span> <span class='ocrx_word' id='word_1_157' title='bbox 648 2042 715 2080; x_wconf 87' lang='lat' dir='ltr'>hic</span> <span class='ocrx_word' id='word_1_158' title='bbox 736 2042 924 2091; x_wconf 77' lang='lat' dir='ltr'>fratrem,</span> <span class='ocrx_word' id='word_1_159' title='bbox 946 2045 1226 2093; x_wconf 82' lang='lat' dir='ltr'>propinquum</span> <span class='ocrx_word' id='word_1_160' title='bbox 1247 2045 1328 2093; x_wconf 84' lang='lat' dir='ltr'>ille,</span> 
     </span>
     <span class='ocr_line' id='line_1_24' title="bbox 101 2102 1328 2155; baseline 0.005 -15"><span class='ocrx_word' id='word_1_161' title='bbox 101 2102 207 2141; x_wconf 88' lang='lat' dir='ltr'>alius</span> <span class='ocrx_word' id='word_1_162' title='bbox 232 2106 427 2151; x_wconf 86' lang='lat' dir='ltr'>parentes</span> <span class='ocrx_word' id='word_1_163' title='bbox 453 2103 687 2143; x_wconf 86' lang='lat' dir='ltr'>lamentari.</span> <span class='ocrx_word' id='word_1_164' title='bbox 743 2106 869 2144; x_wconf 89' lang='lat' dir='ltr'>etiam</span> <span class='ocrx_word' id='word_1_165' title='bbox 893 2120 1069 2155; x_wconf 85' lang='lat' dir='ltr'>quorum</span> <span class='ocrx_word' id='word_1_166' title='bbox 1090 2107 1256 2146; x_wconf 86' lang='lat' dir='ltr'>diuersa</span> <span class='ocrx_word' id='word_1_167' title='bbox 1277 2108 1328 2147; x_wconf 88' lang='lat' dir='ltr'>de</span> 
     </span>
    </p>
   </div>
  </div>
 </body>
</html>
