<?xml version="1.0" encoding="UTF-8"?>
<!DOCTYPE html PUBLIC "-//W3C//DTD XHTML 1.0 Transitional//EN"
    "http://www.w3.org/TR/xhtml1/DTD/xhtml1-transitional.dtd">
<html xmlns="http://www.w3.org/1999/xhtml" xml:lang="en" lang="en">
 <head>
  <title>
</title>
<meta http-equiv="Content-Type" content="text/html;charset=utf-8" />
  <meta name='ocr-system' content='tesseract 3.04.00' />
  <meta name='ocr-capabilities' content='ocr_page ocr_carea ocr_par ocr_line ocrx_word'/>
</head>
<body>
  <div class='ocr_page' id='page_1' title='image "annalsoftacitus00taci_0064.png"; bbox 0 0 1464 2384; ppageno 0'>
   <div class='ocr_carea' id='block_1_1' title="bbox 130 109 997 150">
    <p class='ocr_par' dir='ltr' id='par_1_1' title="bbox 130 109 997 150">
     <span class='ocr_line' id='line_1_1' title="bbox 130 109 997 150; baseline 0.001 -2"><span class='ocrx_word' id='word_1_1' title='bbox 130 110 180 148; x_wconf 81' lang='lat'>32</span> <span class='ocrx_word' id='word_1_2' title='bbox 492 109 766 150; x_wconf 84' lang='lat' dir='ltr'>CORNELII</span> <span class='ocrx_word' id='word_1_3' title='bbox 803 110 997 150; x_wconf 83' lang='lat' dir='ltr'>TACITI</span> 
     </span>
    </p>
   </div>
   <div class='ocr_carea' id='block_1_2' title="bbox 66 211 1359 2163">
    <p class='ocr_par' dir='ltr' id='par_1_2' title="bbox 129 211 1359 388">
     <span class='ocr_line' id='line_1_2' title="bbox 131 211 1358 261; baseline 0.001 -11"><span class='ocrx_word' id='word_1_4' title='bbox 131 211 176 250; x_wconf 90' lang='lat' dir='ltr'>L.</span> <span class='ocrx_word' id='word_1_5' title='bbox 210 211 431 250; x_wconf 87' lang='lat' dir='ltr'>Domitius.</span> <span class='ocrx_word' id='word_1_6' title='bbox 488 212 667 250; x_wconf 88' lang='lat' dir='ltr'>Lentulo</span> <span class='ocrx_word' id='word_1_7' title='bbox 696 226 820 261; x_wconf 84' lang='lat' dir='ltr'>super</span> <span class='ocrx_word' id='word_1_8' title='bbox 849 213 1113 251; x_wconf 87' lang='lat' dir='ltr'>consulatum</span> <span class='ocrx_word' id='word_1_9' title='bbox 1143 216 1184 251; x_wconf 88' lang='lat' dir='ltr'>et</span> <span class='ocrx_word' id='word_1_10' title='bbox 1212 212 1358 251; x_wconf 89' lang='lat' dir='ltr'>trium-</span> 
     </span>
     <span class='ocr_line' id='line_1_3' title="bbox 129 275 1358 325; baseline 0 -11"><span class='ocrx_word' id='word_1_11' title='bbox 129 276 272 325; x_wconf 90' lang='lat' dir='ltr'>phalia</span> <span class='ocrx_word' id='word_1_12' title='bbox 285 275 336 315; x_wconf 92' lang='lat' dir='ltr'>de</span> <span class='ocrx_word' id='word_1_13' title='bbox 350 275 466 315; x_wconf 81' lang='lat' dir='ltr'>Getis</span> <span class='ocrx_word' id='word_1_14' title='bbox 479 276 637 325; x_wconf 83' lang='lat' dir='ltr'>gloriae</span> <span class='ocrx_word' id='word_1_15' title='bbox 650 276 791 315; x_wconf 67' lang='lat' dir='ltr'>fuerat</span> <span class='ocrx_word' id='word_1_16' title='bbox 803 276 911 315; x_wconf 86' lang='lat' dir='ltr'>bene</span> <span class='ocrx_word' id='word_1_17' title='bbox 924 277 1104 315; x_wconf 85' lang='lat' dir='ltr'>tolerata</span> <span class='ocrx_word' id='word_1_18' title='bbox 1120 279 1358 325; x_wconf 86' lang='lat' dir='ltr'>paupertas,</span> 
     </span>
     <span class='ocr_line' id='line_1_4' title="bbox 130 339 1359 388; baseline 0.001 -11"><span class='ocrx_word' id='word_1_19' title='bbox 130 339 227 378; x_wconf 91' lang='lat' dir='ltr'>dein</span> <span class='ocrx_word' id='word_1_20' title='bbox 271 354 450 388; x_wconf 86' lang='lat' dir='ltr'>magnae</span> <span class='ocrx_word' id='word_1_21' title='bbox 492 353 589 388; x_wconf 91' lang='lat' dir='ltr'>opes</span> <span class='ocrx_word' id='word_1_22' title='bbox 626 339 872 378; x_wconf 88' lang='lat' dir='ltr'>innocenter</span> <span class='ocrx_word' id='word_1_23' title='bbox 909 344 1056 388; x_wconf 85' lang='lat' dir='ltr'>partae</span> <span class='ocrx_word' id='word_1_24' title='bbox 1093 343 1136 378; x_wconf 89' lang='lat' dir='ltr'>et</span> <span class='ocrx_word' id='word_1_25' title='bbox 1173 339 1359 378; x_wconf 88' lang='lat' dir='ltr'>modeste</span> 
     </span>
    </p>

    <p class='ocr_par' dir='ltr' id='par_1_3' title="bbox 93 401 1358 705">
     <span class='ocr_line' id='line_1_5' title="bbox 93 401 1358 451; baseline 0.001 -12"><span class='ocrx_word' id='word_1_26' title='bbox 93 401 311 445; x_wconf 76' lang='lat' dir='ltr'>shabitae.</span> <span class='ocrx_word' id='word_1_27' title='bbox 383 402 612 440; x_wconf 89' lang='lat' dir='ltr'>Domitium</span> <span class='ocrx_word' id='word_1_28' title='bbox 658 402 874 440; x_wconf 89' lang='lat' dir='ltr'>decorauit</span> <span class='ocrx_word' id='word_1_29' title='bbox 921 406 1040 451; x_wconf 85' lang='lat' dir='ltr'>pater</span> <span class='ocrx_word' id='word_1_30' title='bbox 1087 402 1201 441; x_wconf 89' lang='lat' dir='ltr'>ciuili</span> <span class='ocrx_word' id='word_1_31' title='bbox 1246 402 1358 441; x_wconf 85' lang='lat' dir='ltr'>bello</span> 
     </span>
     <span class='ocr_line' id='line_1_6' title="bbox 128 465 1358 515; baseline 0 -12"><span class='ocrx_word' id='word_1_32' title='bbox 128 466 254 504; x_wconf 88' lang='lat' dir='ltr'>maris</span> <span class='ocrx_word' id='word_1_33' title='bbox 280 470 440 515; x_wconf 88' lang='lat' dir='ltr'>potens,</span> <span class='ocrx_word' id='word_1_34' title='bbox 461 465 592 504; x_wconf 86' lang='lat' dir='ltr'>donec</span> <span class='ocrx_word' id='word_1_35' title='bbox 620 465 795 504; x_wconf 90' lang='lat' dir='ltr'>Antonii</span> <span class='ocrx_word' id='word_1_36' title='bbox 821 465 1025 514; x_wconf 88' lang='lat' dir='ltr'>partibus,</span> <span class='ocrx_word' id='word_1_37' title='bbox 1047 479 1143 504; x_wconf 79' lang='lat' dir='ltr'>mox</span> <span class='ocrx_word' id='word_1_38' title='bbox 1169 465 1358 505; x_wconf 75' lang='lat' dir='ltr'>Caesaris</span> 
     </span>
     <span class='ocr_line' id='line_1_7' title="bbox 127 528 1358 577; baseline -0.001 -10"><span class='ocrx_word' id='word_1_39' title='bbox 127 529 383 568; x_wconf 88' lang='lat' dir='ltr'>misceretur.</span> <span class='ocrx_word' id='word_1_40' title='bbox 439 544 542 567; x_wconf 88' lang='lat' dir='ltr'>auus</span> <span class='ocrx_word' id='word_1_41' title='bbox 576 528 819 567; x_wconf 87' lang='lat' dir='ltr'>Pharsalica</span> <span class='ocrx_word' id='word_1_42' title='bbox 852 528 939 567; x_wconf 92' lang='lat' dir='ltr'>acie</span> <span class='ocrx_word' id='word_1_43' title='bbox 973 542 1047 577; x_wconf 88' lang='lat' dir='ltr'>pro</span> <span class='ocrx_word' id='word_1_44' title='bbox 1085 528 1358 577; x_wconf 70' lang='lat' dir='ltr'>optimatibus</span> 
     </span>
     <span class='ocr_line' id='line_1_8' title="bbox 128 591 1358 640; baseline -0.001 -10"><span class='ocrx_word' id='word_1_45' title='bbox 128 591 349 631; x_wconf 87' lang='lat' dir='ltr'>ceciderat.</span> <span class='ocrx_word' id='word_1_46' title='bbox 396 592 483 640; x_wconf 88' lang='lat' dir='ltr'>ipse</span> <span class='ocrx_word' id='word_1_47' title='bbox 504 592 703 639; x_wconf 84' lang='lat' dir='ltr'>delectus,</span> <span class='ocrx_word' id='word_1_48' title='bbox 724 591 788 629; x_wconf 91' lang='lat' dir='ltr'>cui</span> <span class='ocrx_word' id='word_1_49' title='bbox 810 591 945 629; x_wconf 89' lang='lat' dir='ltr'>minor</span> <span class='ocrx_word' id='word_1_50' title='bbox 965 591 1164 639; x_wconf 89' lang='lat' dir='ltr'>Antonia,</span> <span class='ocrx_word' id='word_1_51' title='bbox 1181 591 1358 630; x_wconf 87' lang='lat' dir='ltr'>Octauia</span> 
     </span>
     <span class='ocr_line' id='line_1_9' title="bbox 127 655 1356 705; baseline -0.001 -11"><span class='ocrx_word' id='word_1_52' title='bbox 127 656 283 705; x_wconf 82' lang='lat' dir='ltr'>genita,</span> <span class='ocrx_word' id='word_1_53' title='bbox 303 656 345 694; x_wconf 91' lang='lat' dir='ltr'>in</span> <span class='ocrx_word' id='word_1_54' title='bbox 361 656 674 695; x_wconf 69' lang='lat' dir='ltr'>matrimonium</span> <span class='ocrx_word' id='word_1_55' title='bbox 691 655 875 703; x_wconf 84' lang='lat' dir='ltr'>daretur,</span> <span class='ocrx_word' id='word_1_56' title='bbox 892 660 984 704; x_wconf 92' lang='lat' dir='ltr'>post</span> <span class='ocrx_word' id='word_1_57' title='bbox 1000 655 1187 694; x_wconf 85' lang='lat' dir='ltr'>exercitu</span> <span class='ocrx_word' id='word_1_58' title='bbox 1204 655 1356 694; x_wconf 87' lang='lat' dir='ltr'>fiumen</span> 
     </span>
    </p>

    <p class='ocr_par' dir='ltr' id='par_1_4' title="bbox 71 718 1357 1022">
     <span class='ocr_line' id='line_1_10' title="bbox 71 718 1356 767; baseline -0.001 -9"><span class='ocrx_word' id='word_1_59' title='bbox 71 728 109 750; x_wconf 91' lang='lat'>10</span> <span class='ocrx_word' id='word_1_60' title='bbox 127 719 271 758; x_wconf 82' lang='lat' dir='ltr'>Albim</span> <span class='ocrx_word' id='word_1_61' title='bbox 288 719 562 767; x_wconf 79' lang='lat' dir='ltr'>transcendit,</span> <span class='ocrx_word' id='word_1_62' title='bbox 575 719 742 767; x_wconf 84' lang='lat' dir='ltr'>longius</span> <span class='ocrx_word' id='word_1_63' title='bbox 758 722 978 767; x_wconf 87' lang='lat' dir='ltr'>penetrata</span> <span class='ocrx_word' id='word_1_64' title='bbox 993 718 1218 757; x_wconf 77' lang='lat' dir='ltr'>Germania</span> <span class='ocrx_word' id='word_1_65' title='bbox 1231 733 1356 767; x_wconf 80' lang='lat' dir='ltr'>quain</span> 
     </span>
     <span class='ocr_line' id='line_1_11' title="bbox 125 783 1357 832; baseline 0 -11"><span class='ocrx_word' id='word_1_66' title='bbox 125 783 346 832; x_wconf 85' lang='lat' dir='ltr'>quisquam</span> <span class='ocrx_word' id='word_1_67' title='bbox 375 784 573 832; x_wconf 83' lang='lat' dir='ltr'>priorum,</span> <span class='ocrx_word' id='word_1_68' title='bbox 595 797 748 831; x_wconf 86' lang='lat' dir='ltr'>easque</span> <span class='ocrx_word' id='word_1_69' title='bbox 778 783 830 821; x_wconf 87' lang='lat' dir='ltr'>ob</span> <span class='ocrx_word' id='word_1_70' title='bbox 857 797 922 821; x_wconf 90' lang='lat' dir='ltr'>res</span> <span class='ocrx_word' id='word_1_71' title='bbox 948 783 1129 831; x_wconf 82' lang='lat' dir='ltr'>insignia</span> <span class='ocrx_word' id='word_1_72' title='bbox 1156 783 1357 832; x_wconf 84' lang='lat' dir='ltr'>triumphi</span> 
     </span>
     <span class='ocr_line' id='line_1_12' title="bbox 126 846 1356 896; baseline -0.002 -10"><span class='ocrx_word' id='word_1_73' title='bbox 126 847 304 896; x_wconf 88' lang='lat' dir='ltr'>adeptus</span> <span class='ocrx_word' id='word_1_74' title='bbox 324 852 397 886; x_wconf 78' lang='lat' dir='ltr'>est.</span> <span class='ocrx_word' id='word_1_75' title='bbox 454 847 558 885; x_wconf 81' lang='lat' dir='ltr'>obiit</span> <span class='ocrx_word' id='word_1_76' title='bbox 578 851 619 885; x_wconf 89' lang='lat' dir='ltr'>et</span> <span class='ocrx_word' id='word_1_77' title='bbox 640 847 684 885; x_wconf 84' lang='lat' dir='ltr'>L.</span> <span class='ocrx_word' id='word_1_78' title='bbox 709 847 929 895; x_wconf 86' lang='lat' dir='ltr'>Antonius,</span> <span class='ocrx_word' id='word_1_79' title='bbox 950 847 1085 885; x_wconf 87' lang='lat' dir='ltr'>multa</span> <span class='ocrx_word' id='word_1_80' title='bbox 1104 846 1356 885; x_wconf 81' lang='lat' dir='ltr'>claritudine</span> 
     </span>
     <span class='ocr_line' id='line_1_13' title="bbox 127 909 1356 960; baseline -0.002 -11"><span class='ocrx_word' id='word_1_81' title='bbox 127 910 303 959; x_wconf 84' lang='lat' dir='ltr'>generis,</span> <span class='ocrx_word' id='word_1_82' title='bbox 321 911 391 950; x_wconf 88' lang='lat' dir='ltr'>sed</span> <span class='ocrx_word' id='word_1_83' title='bbox 408 911 664 960; x_wconf 84' lang='lat' dir='ltr'>inprospera.</span> <span class='ocrx_word' id='word_1_84' title='bbox 710 910 807 948; x_wconf 87' lang='lat' dir='ltr'>nam</span> <span class='ocrx_word' id='word_1_85' title='bbox 824 915 943 958; x_wconf 86' lang='lat' dir='ltr'>patre</span> <span class='ocrx_word' id='word_1_86' title='bbox 960 909 1046 948; x_wconf 90' lang='lat' dir='ltr'>eius</span> <span class='ocrx_word' id='word_1_87' title='bbox 1063 909 1154 947; x_wconf 87' lang='lat' dir='ltr'>Iulo</span> <span class='ocrx_word' id='word_1_88' title='bbox 1171 909 1356 948; x_wconf 89' lang='lat' dir='ltr'>Antonio</span> 
     </span>
     <span class='ocr_line' id='line_1_14' title="bbox 125 973 1355 1022; baseline -0.001 -10"><span class='ocrx_word' id='word_1_89' title='bbox 125 975 177 1013; x_wconf 87' lang='lat' dir='ltr'>ob</span> <span class='ocrx_word' id='word_1_90' title='bbox 208 974 461 1013; x_wconf 84' lang='lat' dir='ltr'>adulterium</span> <span class='ocrx_word' id='word_1_91' title='bbox 491 974 624 1013; x_wconf 89' lang='lat' dir='ltr'>Iuliae</span> <span class='ocrx_word' id='word_1_92' title='bbox 654 978 787 1012; x_wconf 87' lang='lat' dir='ltr'>morte</span> <span class='ocrx_word' id='word_1_93' title='bbox 817 973 963 1022; x_wconf 90' lang='lat' dir='ltr'>punito</span> <span class='ocrx_word' id='word_1_94' title='bbox 990 974 1102 1012; x_wconf 87' lang='lat' dir='ltr'>hunc</span> <span class='ocrx_word' id='word_1_95' title='bbox 1129 973 1355 1011; x_wconf 87' lang='lat' dir='ltr'>admodum</span> 
     </span>
    </p>

    <p class='ocr_par' dir='ltr' id='par_1_5' title="bbox 70 1036 1355 1330">
     <span class='ocr_line' id='line_1_15' title="bbox 70 1036 1355 1085; baseline -0.002 -9"><span class='ocrx_word' id='word_1_96' title='bbox 70 1052 105 1084; x_wconf 89' lang='lat'>15</span> <span class='ocrx_word' id='word_1_97' title='bbox 125 1037 499 1085; x_wconf 88' lang='lat' dir='ltr'>adulescentulum,</span> <span class='ocrx_word' id='word_1_98' title='bbox 525 1037 675 1076; x_wconf 88' lang='lat' dir='ltr'>sororis</span> <span class='ocrx_word' id='word_1_99' title='bbox 699 1041 906 1085; x_wconf 77' lang='lat' dir='ltr'>nepotem,</span> <span class='ocrx_word' id='word_1_100' title='bbox 929 1036 1110 1085; x_wconf 85' lang='lat' dir='ltr'>seposuit</span> <span class='ocrx_word' id='word_1_101' title='bbox 1136 1036 1355 1085; x_wconf 80' lang='lat' dir='ltr'>Augustus</span> 
     </span>
     <span class='ocr_line' id='line_1_16' title="bbox 124 1099 1354 1148; baseline -0.001 -10"><span class='ocrx_word' id='word_1_102' title='bbox 124 1100 165 1138; x_wconf 91' lang='lat' dir='ltr'>in</span> <span class='ocrx_word' id='word_1_103' title='bbox 211 1100 425 1139; x_wconf 83' lang='lat' dir='ltr'>ciuitatem</span> <span class='ocrx_word' id='word_1_104' title='bbox 472 1100 786 1147; x_wconf 84' lang='lat' dir='ltr'>Massiliensem,</span> <span class='ocrx_word' id='word_1_105' title='bbox 826 1099 895 1138; x_wconf 82' lang='lat' dir='ltr'>nbi</span> <span class='ocrx_word' id='word_1_106' title='bbox 941 1099 1077 1148; x_wconf 81' lang='lat' dir='ltr'>specie</span> <span class='ocrx_word' id='word_1_107' title='bbox 1121 1099 1354 1138; x_wconf 89' lang='lat' dir='ltr'>studiorum</span> 
     </span>
     <span class='ocr_line' id='line_1_17' title="bbox 124 1162 1353 1212; baseline -0.001 -11"><span class='ocrx_word' id='word_1_108' title='bbox 124 1178 275 1202; x_wconf 87' lang='lat' dir='ltr'>nomen</span> <span class='ocrx_word' id='word_1_109' title='bbox 318 1164 431 1202; x_wconf 82' lang='lat' dir='ltr'>exilii</span> <span class='ocrx_word' id='word_1_110' title='bbox 475 1168 701 1212; x_wconf 83' lang='lat' dir='ltr'>tegeretur.</span> <span class='ocrx_word' id='word_1_111' title='bbox 757 1163 928 1201; x_wconf 76' lang='lat' dir='ltr'>habitus</span> <span class='ocrx_word' id='word_1_112' title='bbox 970 1166 1111 1200; x_wconf 80' lang='lat' dir='ltr'>tamen</span> <span class='ocrx_word' id='word_1_113' title='bbox 1151 1162 1353 1211; x_wconf 81' lang='lat' dir='ltr'>supremis</span> 
     </span>
     <span class='ocr_line' id='line_1_18' title="bbox 125 1226 1353 1276; baseline 0 -11"><span class='ocrx_word' id='word_1_114' title='bbox 125 1228 267 1276; x_wconf 92' lang='lat' dir='ltr'>honor,</span> <span class='ocrx_word' id='word_1_115' title='bbox 301 1242 474 1276; x_wconf 81' lang='lat' dir='ltr'>ossaque</span> <span class='ocrx_word' id='word_1_116' title='bbox 513 1227 673 1266; x_wconf 79' lang='lat' dir='ltr'>tumulo</span> <span class='ocrx_word' id='word_1_117' title='bbox 708 1227 977 1266; x_wconf 89' lang='lat' dir='ltr'>Octauiorum</span> <span class='ocrx_word' id='word_1_118' title='bbox 1012 1226 1145 1265; x_wconf 87' lang='lat' dir='ltr'>inlata</span> <span class='ocrx_word' id='word_1_119' title='bbox 1178 1241 1251 1275; x_wconf 90' lang='lat' dir='ltr'>per</span> <span class='ocrx_word' id='word_1_120' title='bbox 1284 1227 1353 1266; x_wconf 88' lang='lat' dir='ltr'>de—</span> 
     </span>
     <span class='ocr_line' id='line_1_19' title="bbox 123 1295 492 1330; baseline -0.003 0"><span class='ocrx_word' id='word_1_121' title='bbox 123 1296 284 1330; x_wconf 85' lang='lat' dir='ltr'>cretum</span> <span class='ocrx_word' id='word_1_122' title='bbox 312 1295 492 1330; x_wconf 89' lang='lat' dir='ltr'>senatus.</span> 
     </span>
    </p>

    <p class='ocr_par' dir='ltr' id='par_1_6' title="bbox 122 1354 1352 1596">
     <span class='ocr_line' id='line_1_20' title="bbox 200 1354 1352 1398; baseline 0 -5"><span class='ocrx_word' id='word_1_123' title='bbox 200 1354 272 1398; x_wconf 84' lang='lat'>45.</span> <span class='ocrx_word' id='word_1_124' title='bbox 329 1355 469 1394; x_wconf 85' lang='lat' dir='ltr'>Isdem</span> <span class='ocrx_word' id='word_1_125' title='bbox 496 1355 735 1394; x_wconf 82' lang='lat' dir='ltr'>consulibus</span> <span class='ocrx_word' id='word_1_126' title='bbox 761 1354 925 1393; x_wconf 74' lang='lat' dir='ltr'>facinus</span> <span class='ocrx_word' id='word_1_127' title='bbox 952 1358 1074 1392; x_wconf 85' lang='lat' dir='ltr'>atrox</span> <span class='ocrx_word' id='word_1_128' title='bbox 1097 1354 1139 1392; x_wconf 93' lang='lat' dir='ltr'>in</span> <span class='ocrx_word' id='word_1_129' title='bbox 1161 1354 1352 1393; x_wconf 73' lang='lat' dir='ltr'>citeriore</span> 
     </span>
     <span class='ocr_line' id='line_1_21' title="bbox 124 1418 1352 1468; baseline -0.002 -10"><span class='ocrx_word' id='word_1_130' title='bbox 124 1420 329 1468; x_wconf 85' lang='lat' dir='ltr'>Hispania</span> <span class='ocrx_word' id='word_1_131' title='bbox 355 1420 580 1458; x_wconf 89' lang='lat' dir='ltr'>admissum</span> <span class='ocrx_word' id='word_1_132' title='bbox 610 1435 630 1458; x_wconf 84' lang='lat' dir='ltr'>a</span> <span class='ocrx_word' id='word_1_133' title='bbox 660 1419 842 1468; x_wconf 86' lang='lat' dir='ltr'>quodam</span> <span class='ocrx_word' id='word_1_134' title='bbox 869 1418 1023 1466; x_wconf 82' lang='lat' dir='ltr'>agresti</span> <span class='ocrx_word' id='word_1_135' title='bbox 1052 1418 1232 1457; x_wconf 90' lang='lat' dir='ltr'>nationis</span> <span class='ocrx_word' id='word_1_136' title='bbox 1255 1419 1352 1457; x_wconf 85' lang='lat' dir='ltr'>Ter-</span> 
     </span>
     <span class='ocr_line' id='line_1_22' title="bbox 122 1482 1351 1533; baseline 0 -12"><span class='ocrx_word' id='word_1_137' title='bbox 122 1483 335 1522; x_wconf 89' lang='lat' dir='ltr'>mestinae.</span> <span class='ocrx_word' id='word_1_138' title='bbox 391 1484 424 1521; x_wconf 87' lang='lat' dir='ltr'>is</span> <span class='ocrx_word' id='word_1_139' title='bbox 446 1487 680 1533; x_wconf 78' lang='lat' dir='ltr'>praetorem</span> <span class='ocrx_word' id='word_1_140' title='bbox 700 1482 940 1532; x_wconf 84' lang='lat' dir='ltr'>prouinciae</span> <span class='ocrx_word' id='word_1_141' title='bbox 962 1482 1006 1520; x_wconf 82' lang='lat' dir='ltr'>L.</span> <span class='ocrx_word' id='word_1_142' title='bbox 1024 1482 1228 1530; x_wconf 77' lang='lat' dir='ltr'>Pisonem,</span> <span class='ocrx_word' id='word_1_143' title='bbox 1249 1496 1351 1531; x_wconf 88' lang='lat' dir='ltr'>pace</span> 
     </span>
     <span class='ocr_line' id='line_1_23' title="bbox 122 1546 1350 1596; baseline -0.002 -11"><span class='ocrx_word' id='word_1_144' title='bbox 122 1546 387 1595; x_wconf 84' lang='lat' dir='ltr'>incuriosum,</span> <span class='ocrx_word' id='word_1_145' title='bbox 427 1562 476 1585; x_wconf 76' lang='lat' dir='ltr'>ex</span> <span class='ocrx_word' id='word_1_146' title='bbox 522 1547 733 1596; x_wconf 84' lang='lat' dir='ltr'>inprouiso</span> <span class='ocrx_word' id='word_1_147' title='bbox 778 1548 819 1585; x_wconf 86' lang='lat' dir='ltr'>in</span> <span class='ocrx_word' id='word_1_148' title='bbox 864 1546 1013 1584; x_wconf 86' lang='lat' dir='ltr'>itinere</span> <span class='ocrx_word' id='word_1_149' title='bbox 1058 1546 1230 1585; x_wconf 79' lang='lat' dir='ltr'>adortus</span> <span class='ocrx_word' id='word_1_150' title='bbox 1268 1559 1350 1584; x_wconf 90' lang='lat' dir='ltr'>nno</span> 
     </span>
    </p>

    <p class='ocr_par' dir='ltr' id='par_1_7' title="bbox 85 1608 1350 1912">
     <span class='ocr_line' id='line_1_24' title="bbox 85 1608 1350 1658; baseline -0.001 -11"><span class='ocrx_word' id='word_1_151' title='bbox 85 1623 101 1655; x_wconf 90' lang='lat'><strong>5</strong></span> <span class='ocrx_word' id='word_1_152' title='bbox 123 1610 295 1648; x_wconf 85' lang='lat' dir='ltr'>uulnere</span> <span class='ocrx_word' id='word_1_153' title='bbox 337 1610 379 1648; x_wconf 91' lang='lat' dir='ltr'>in</span> <span class='ocrx_word' id='word_1_154' title='bbox 424 1616 601 1649; x_wconf 88' lang='lat' dir='ltr'>mortem</span> <span class='ocrx_word' id='word_1_155' title='bbox 643 1610 822 1655; x_wconf 75' lang='lat' dir='ltr'>adfecit;</span> <span class='ocrx_word' id='word_1_156' title='bbox 870 1624 918 1648; x_wconf 84' lang='lat' dir='ltr'>ac</span> <span class='ocrx_word' id='word_1_157' title='bbox 964 1610 1211 1658; x_wconf 82' lang='lat' dir='ltr'>pernicitate</span> <span class='ocrx_word' id='word_1_158' title='bbox 1255 1608 1350 1657; x_wconf 87' lang='lat' dir='ltr'>equi</span> 
     </span>
     <span class='ocr_line' id='line_1_25' title="bbox 121 1672 1348 1723; baseline -0.002 -10"><span class='ocrx_word' id='word_1_159' title='bbox 121 1673 336 1723; x_wconf 76' lang='lat' dir='ltr'>profugus,</span> <span class='ocrx_word' id='word_1_160' title='bbox 353 1678 573 1723; x_wconf 81' lang='lat' dir='ltr'>postquam</span> <span class='ocrx_word' id='word_1_161' title='bbox 593 1675 796 1713; x_wconf 85' lang='lat' dir='ltr'>saltuosos</span> <span class='ocrx_word' id='word_1_162' title='bbox 816 1674 927 1712; x_wconf 82' lang='lat' dir='ltr'>locos</span> <span class='ocrx_word' id='word_1_163' title='bbox 948 1673 1163 1721; x_wconf 79' lang='lat' dir='ltr'>attigerat,</span> <span class='ocrx_word' id='word_1_164' title='bbox 1180 1672 1348 1710; x_wconf 85' lang='lat' dir='ltr'>dimisso</span> 
     </span>
     <span class='ocr_line' id='line_1_26' title="bbox 122 1736 1347 1787; baseline -0.002 -11"><span class='ocrx_word' id='word_1_165' title='bbox 122 1752 227 1785; x_wconf 85' lang='lat' dir='ltr'>equo</span> <span class='ocrx_word' id='word_1_166' title='bbox 257 1752 330 1786; x_wconf 87' lang='lat' dir='ltr'>per</span> <span class='ocrx_word' id='word_1_167' title='bbox 358 1738 537 1787; x_wconf 85' lang='lat' dir='ltr'>derupta</span> <span class='ocrx_word' id='word_1_168' title='bbox 571 1742 612 1777; x_wconf 91' lang='lat' dir='ltr'>et</span> <span class='ocrx_word' id='word_1_169' title='bbox 641 1738 737 1776; x_wconf 85' lang='lat' dir='ltr'>ania</span> <span class='ocrx_word' id='word_1_170' title='bbox 768 1742 989 1785; x_wconf 73' lang='lat' dir='ltr'>sequentes</span> <span class='ocrx_word' id='word_1_171' title='bbox 1017 1736 1245 1775; x_wconf 79' lang='lat' dir='ltr'>frustratus</span> <span class='ocrx_word' id='word_1_172' title='bbox 1273 1740 1347 1774; x_wconf 91' lang='lat' dir='ltr'>est.</span> 
     </span>
     <span class='ocr_line' id='line_1_27' title="bbox 122 1799 1348 1849; baseline -0.001 -11"><span class='ocrx_word' id='word_1_173' title='bbox 122 1814 256 1849; x_wconf 83' lang='lat' dir='ltr'>neque</span> <span class='ocrx_word' id='word_1_174' title='bbox 283 1800 353 1838; x_wconf 86' lang='lat' dir='ltr'>(lin</span> <span class='ocrx_word' id='word_1_175' title='bbox 379 1800 554 1847; x_wconf 74' lang='lat' dir='ltr'>fefellit;</span> <span class='ocrx_word' id='word_1_176' title='bbox 585 1816 695 1849; x_wconf 86' lang='lat' dir='ltr'>nam,</span> <span class='ocrx_word' id='word_1_177' title='bbox 716 1815 865 1849; x_wconf 79' lang='lat' dir='ltr'>prenso</span> <span class='ocrx_word' id='word_1_178' title='bbox 889 1801 1098 1849; x_wconf 83' lang='lat' dir='ltr'>ductoque</span> <span class='ocrx_word' id='word_1_179' title='bbox 1120 1814 1191 1849; x_wconf 85' lang='lat' dir='ltr'>per</span> <span class='ocrx_word' id='word_1_180' title='bbox 1211 1799 1348 1848; x_wconf 85' lang='lat' dir='ltr'>proxi-</span> 
     </span>
     <span class='ocr_line' id='line_1_28' title="bbox 120 1864 1349 1912; baseline -0.001 -11"><span class='ocrx_word' id='word_1_181' title='bbox 120 1878 208 1902; x_wconf 89' lang='lat' dir='ltr'>mos</span> <span class='ocrx_word' id='word_1_182' title='bbox 234 1878 365 1912; x_wconf 70' lang='lat' dir='ltr'>pagos</span> <span class='ocrx_word' id='word_1_183' title='bbox 392 1878 509 1912; x_wconf 82' lang='lat' dir='ltr'>equo,</span> <span class='ocrx_word' id='word_1_184' title='bbox 532 1864 648 1902; x_wconf 82' lang='lat' dir='ltr'>cuius</span> <span class='ocrx_word' id='word_1_185' title='bbox 674 1864 784 1903; x_wconf 74' lang='lat' dir='ltr'>foret</span> <span class='ocrx_word' id='word_1_186' title='bbox 811 1864 1037 1912; x_wconf 77' lang='lat' dir='ltr'>cognitum.</span> <span class='ocrx_word' id='word_1_187' title='bbox 1093 1868 1135 1902; x_wconf 88' lang='lat' dir='ltr'>et</span> <span class='ocrx_word' id='word_1_188' title='bbox 1160 1866 1349 1911; x_wconf 88' lang='lat' dir='ltr'>repertus</span> 
     </span>
    </p>

    <p class='ocr_par' dir='ltr' id='par_1_8' title="bbox 66 1927 1349 2163">
     <span class='ocr_line' id='line_1_29' title="bbox 66 1927 1348 1975; baseline -0.004 -9"><span class='ocrx_word' id='word_1_189' title='bbox 66 1945 101 1966; x_wconf 92' lang='lat'>10</span> <span class='ocrx_word' id='word_1_190' title='bbox 121 1941 213 1964; x_wconf 84' lang='lat' dir='ltr'>cum</span> <span class='ocrx_word' id='word_1_191' title='bbox 231 1927 450 1965; x_wconf 86' lang='lat' dir='ltr'>tormentis</span> <span class='ocrx_word' id='word_1_192' title='bbox 467 1927 589 1965; x_wconf 82' lang='lat' dir='ltr'>edere</span> <span class='ocrx_word' id='word_1_193' title='bbox 606 1927 790 1965; x_wconf 78' lang='lat' dir='ltr'>conscios</span> <span class='ocrx_word' id='word_1_194' title='bbox 806 1927 1060 1975; x_wconf 82' lang='lat' dir='ltr'>adigeretur,</span> <span class='ocrx_word' id='word_1_195' title='bbox 1076 1939 1177 1964; x_wconf 84' lang='lat' dir='ltr'>uoce</span> <span class='ocrx_word' id='word_1_196' title='bbox 1194 1939 1348 1973; x_wconf 85' lang='lat' dir='ltr'>magna</span> 
     </span>
     <span class='ocr_line' id='line_1_30' title="bbox 121 1989 1349 2039; baseline -0.002 -11"><span class='ocrx_word' id='word_1_197' title='bbox 121 2005 309 2029; x_wconf 85' lang='lat' dir='ltr'>sermone</span> <span class='ocrx_word' id='word_1_198' title='bbox 351 1991 486 2039; x_wconf 86' lang='lat' dir='ltr'>patrio</span> <span class='ocrx_word' id='word_1_199' title='bbox 524 1991 683 2029; x_wconf 71' lang='lat' dir='ltr'>frustra</span> <span class='ocrx_word' id='word_1_200' title='bbox 722 2005 763 2029; x_wconf 79' lang='lat' dir='ltr'>se</span> <span class='ocrx_word' id='word_1_201' title='bbox 802 1991 1051 2039; x_wconf 78' lang='lat' dir='ltr'>interrogari</span> <span class='ocrx_word' id='word_1_202' title='bbox 1092 1989 1349 2028; x_wconf 82' lang='lat' dir='ltr'>clamitauit:</span> 
     </span>
     <span class='ocr_line' id='line_1_31' title="bbox 120 2053 1343 2102; baseline -0.002 -11"><span class='ocrx_word' id='word_1_203' title='bbox 120 2053 372 2092; x_wconf 81' lang='lat' dir='ltr'>adsisterent</span> <span class='ocrx_word' id='word_1_204' title='bbox 398 2054 495 2092; x_wconf 73' lang='lat' dir='ltr'>socii</span> <span class='ocrx_word' id='word_1_205' title='bbox 522 2068 570 2092; x_wconf 86' lang='lat' dir='ltr'>ac</span> <span class='ocrx_word' id='word_1_206' title='bbox 599 2058 860 2102; x_wconf 80' lang='lat' dir='ltr'>spectarent3</span> <span class='ocrx_word' id='word_1_207' title='bbox 891 2054 1048 2092; x_wconf 81' lang='lat' dir='ltr'>nullam</span> <span class='ocrx_word' id='word_1_208' title='bbox 1076 2053 1158 2091; x_wconf 89' lang='lat' dir='ltr'>nim</span> <span class='ocrx_word' id='word_1_209' title='bbox 1184 2057 1343 2090; x_wconf 79' lang='lat' dir='ltr'>tantam</span> 
     </span>
     <span class='ocr_line' id='line_1_32' title="bbox 121 2116 1346 2163; baseline -0.002 -9"><span class='ocrx_word' id='word_1_210' title='bbox 121 2117 274 2156; x_wconf 78' lang='lat' dir='ltr'>doloris</span> <span class='ocrx_word' id='word_1_211' title='bbox 316 2118 406 2155; x_wconf 77' lang='lat' dir='ltr'>fore</span> <span class='ocrx_word' id='word_1_212' title='bbox 444 2121 488 2154; x_wconf 85' lang='grc'>111</span> <span class='ocrx_word' id='word_1_213' title='bbox 528 2117 746 2156; x_wconf 79' lang='lat' dir='ltr'>ueritatem</span> <span class='ocrx_word' id='word_1_214' title='bbox 788 2117 968 2157; x_wconf 67' lang='lat' dir='ltr'>eliceret.</span> <span class='ocrx_word' id='word_1_215' title='bbox 1024 2116 1215 2163; x_wconf 79' lang='lat' dir='ltr'>idemque</span> <span class='ocrx_word' id='word_1_216' title='bbox 1253 2130 1346 2153; x_wconf 87' lang='lat' dir='ltr'>cum</span> 
     </span>
    </p>
   </div>
  </div>
 </body>
</html>
