1464 2384
265 111 342 151 AB
380 109 638 150 EXCEssV
675 110 931 150 AVGVSTI
975 111 1047 150 [V.
1081 110 1235 150 71—74
1315 111 1366 148 53

137 211 349 251 aestuaria
369 211 597 260 aggeribus
617 215 659 250 et
678 212 877 260 pontibus
897 211 1158 251 traducendo
1179 211 1364 260 grauiori

135 275 293 324 agmini
322 276 473 314 firmat.
529 280 656 324 atque
681 276 861 324 interim,
889 276 1066 325 repertis
1092 275 1225 324 uadis,
1253 277 1363 315 alam

135 338 457 379 Canninefatem
486 343 528 378 et
556 339 668 387 quod
697 339 887 388 peditum
917 339 1221 378 Germanorum
1253 340 1363 378 inter

133 406 297 441 nostros
330 402 519 441 merebat
552 402 831 450 circumgredi
864 406 985 450 terga
1012 402 1195 441 hostium
1223 403 1361 451 iubet;

137 466 209 515 qui
234 466 317 504 iam
343 465 431 504 acie
458 465 675 513 compositi
695 465 858 513 pellunt
877 469 1038 504 turmas
1058 466 1230 504 sociales
1250 466 1363 515 equi-

134 534 279 579 tesque
316 529 529 577 legionum
567 529 751 568 subsidio
788 528 945 567 missos.
1001 533 1090 567 tum
1128 533 1213 568 tres
1250 529 1362 568 leues

133 593 410 631 cohortes'ac
442 606 607 630 rursum
641 591 760 639 duae,
795 591 891 630 dein
924 595 1110 640 tempore
1142 591 1361 631 interiecto

131 656 285 695 alarius
318 669 443 704 eques
475 655 839 703 inmissus‚—-satis
872 655 1002 693 ualidi
1034 655 1067 693 si
1097 655 1218 693 simul
1246 655 1361 694 incu-

131 719 331 766 buissent,
366 732 440 767 per
475 718 747 756 interuallum
785 717 1064 757 aduentantes
1097 732 1231 767 neque
1266 732 1361 756 con-

129 781 329 821 stantiam
361 780 615 819 addiderant
643 781 824 819 turbatis
853 785 894 819 et
922 795 1078 829 pauore
1106 780 1359 829 fugientium

131 843 447 882 auferebantur.
530 842 717 891 Cethego
768 842 955 882 Labeoni
1000 842 1141 891 legato
1187 842 1359 892 quintae

128 906 305 955 legionis
347 906 459 955 quod
496 906 703 955 reliquum
740 906 992 944 auxiliorum
1029 906 1171 944 tradit.
1231 910 1358 955 atque

127 970 197 1010 ille
224 970 354 1008 dubia
378 984 547 1008 suorum
567 983 611 1008 re
630 969 674 1008 in
694 983 848 1018 anceps
868 974 1029 1008 tractus
1048 969 1181 1009 missis
1201 970 1359 1009 nuntiis

127 1033 212 1072 uim
228 1033 440 1082 legionum
456 1032 708 1081 inplorabat.
759 1037 1036 1082 prorumpunt
1051 1033 1243 1082 quintani
1259 1037 1357 1072 ante

127 1098 230 1137 alios
257 1102 311 1147 et,
338 1097 425 1137 acri
454 1111 597 1146 pugna
625 1097 744 1136 hoste
772 1097 903 1147 pulso,
929 1097 1137 1146 recipiunt
1165 1097 1357 1137 cohortes

126 1162 296 1211 alasque
339 1161 469 1200 fessas
513 1161 770 1200 uulneribus.
836 1175 970 1210 neque
1014 1161 1101 1199 dux
1143 1161 1357 1201 Romanus

126 1224 262 1262 ultum
299 1224 347 1262 iit
384 1227 458 1262 aut
495 1237 669 1272 corpora
706 1223 911 1272 humauit,
944 1238 1197 1273 quamquain
1235 1224 1356 1263 multi

126 1287 390 1326 tribunorum
414 1286 804 1336 praefectorumque
826 1291 866 1326 et
886 1287 1071 1336 insignes
1091 1288 1369 1327 centuriones·

125 1350 384 1389 cecidissent.
440 1364 537 1387 mox
557 1353 817 1398 compertum
833 1364 857 1388 a
872 1350 1105 1398 transfugis
1120 1356 1354 1399 nongentos

125 1413 408 1452 Romanorum
432 1412 544 1461 apud
563 1413 717 1461 lucum⁷
737 1427 859 1462 quem
880 1413 1167 1453 Baduhennae
1187 1419 1352 1464 uocant,

123 1490 267 1525 pugna
285 1475 329 1514 in
344 1480 556 1525 posterum
573 1479 766 1514 extracta
781 1475 1006 1524 confectos,
1023 1480 1065 1515 et
1080 1477 1207 1516 aliam
1222 1477 1352 1526 quad-

123 1539 412 1587 ringentorum
435 1553 605 1577 manum
629 1542 833 1588 occupata
858 1538 1120 1588 Cruptorigis
1139 1540 1351 1589 quondam

121 1601 381 1651 stipendiarii
424 1601 536 1650 uilla,
581 1606 803 1651 postquam
845 1602 1026 1651 proditio
1069 1603 1349 1654 metuebatur,

120 1665 275 1704 mutuis
302 1665 455 1704 ictibus
482 1665 763 1714 procubuisse.

196 1730 266 1773 74.
322 1730 493 1770 Clarum
506 1731 602 1770 inde
618 1730 729 1769 inter
743 1729 975 1769 Germanos
991 1730 1170 1769 Frisium
1183 1746 1347 1781 nomen,

117 1793 406 1833 dissimulante
414 1793 579 1832 Tiberio
593 1793 759 1842 damna,
768 1807 820 1832 ne
834 1793 900 1831 cui
908 1793 1065 1832 bellum
1073 1794 1345 1843 permitteret.

117 1872 251 1907 neque
285 1861 454 1896 senatus
487 1858 530 1896 in
563 1872 611 1896 eo
645 1872 746 1896 cura
780 1871 834 1895 an
867 1857 1029 1906 imperii
1058 1862 1248 1897 extrema
1277 1859 1346 1898 de-

116 1922 451 1960 honestarentur.
509 1935 641 1970 pauor
663 1920 852 1959 internus
872 1925 1153 1969 occupauerat
1172 1921 1344 1971 animos,

1384 414 1421 436 10

1383 735 1418 767 15

1377 1056 1417 1078 20

1373 1368 1412 1401 25

1367 1683 1408 1714 30

116 1985 182 2024 cui
216 1984 445 2023 remedium
478 1984 720 2022 adulatione
749 1983 1044 2032 quaerebatur.
1100 1984 1170 2033 ita,
1200 1999 1343 2033 quam-
1363 2000 1380 2032 5

115 2061 241 2096 quam
261 2046 437 2085 diuersis
461 2061 585 2096 super
610 2047 734 2085 rebus
760 2046 1088 2095 consulerentur,
1108 2061 1225 2086 aram
1252 2048 1343 2087 Cle-

115 2110 308 2159 mentiae,
329 2124 446 2149 aram
464 2109 688 2149 Amicitiae
712 2110 950 2159 effigiesque
970 2110 1127 2149 circum
1151 2110 1342 2150 Caesaris
