1464 2384
212 110 290 150 AB
328 110 585 151 EXCESSV
623 112 880 152 AVGVSTI
920 113 994 152 IV.
1036 113 1188 152 10—13
1287 114 1310 151 9

82 211 333 261 principium
364 211 522 251 fauoris
551 217 592 251 et
621 217 756 252 mater
786 214 1024 263 Agrippina
1055 229 1169 264 spem
1203 216 1311 255 male
1331 229 1347 262 5

82 278 230 324 tegens
263 273 487 323 perniciem
522 274 827 314 adcelerauere.
884 291 981 315 nam
1017 277 1205 325 Seianus,
1241 278 1308 315 ubi

85 338 200 378 uidet
237 343 413 378 mortem
450 338 577 377 Drusi
614 339 791 378 inultam
834 340 1185 389 interfectoribus,
1224 341 1311 379 sine

86 415 271 440 maerore
291 401 459 450 publico
485 415 585 449 esse,
612 401 732 440 ferox
759 402 973 451 scelerum,
994 408 1035 441 et
1060 403 1157 451 quia
1178 403 1309 452 prima

82 469 374 514 prouenerant,
388 465 579 504 uolutare
593 479 731 504 secum
745 480 925 514 quonam
939 467 1060 505 modo
1073 467 1308 505 Germanici

82 527 235 567 liberos
271 532 544 577 peruerteret,
582 542 758 576 quorum
796 543 878 567 non
923 528 1051 567 dubia
1096 529 1310 568 successio.
1333 547 1366 568 1c

81 606 216 640 neque
253 592 393 641 spargi
443 605 650 630 uenenum
697 591 740 630 in
785 596 871 630 tres
916 596 1092 640 poterat,
1140 592 1310 640 egregia

80 655 300 694 custodum
323 655 405 694 fide
432 660 473 694 et
496 655 697 705 pudicitia
718 655 981 704 Agrippinae
1001 655 1309 703 inpenetrabili.

78 719 210 768 igitur
239 719 545 758 contumaciam
576 719 664 758 eius
698 719 908 767 insectari,
938 724 1059 757 uetus
1090 720 1309 767 Augustae

79 782 232 831 odium,
278 786 489 821 recentem
536 782 681 821 Liuiae
735 782 1031 821 conscientiam
1079 783 1308 831 exagitare,

79 850 126 884 ut
175 845 398 894 superbam
448 844 723 893 fecunditate,
769 845 992 884 subnixam
1038 845 1309 893 popularibus
1332 861 1366 893 15

77 907 226 947 studiis
237 907 399 946 inhiare
415 907 691 947 dominationi
706 908 819 956 apud
833 907 1054 947 Caesarem
1068 912 1307 955 arguerent.

79 976 206 1021 atque
235 972 338 1011 haec
366 972 529 1011 callidis
556 972 907 1021 criminatoribus,
934 972 1044 1011 inter
1070 986 1172 1020 quos
1199 971 1308 1011 dele-

78 1041 199 1086 gerat
232 1036 387 1075 Iulium
425 1037 681 1085 Postumum,
713 1050 787 1085 per
824 1036 1079 1075 adulterium
1116 1036 1307 1075 Mutiliae

76 1100 244 1139 Priscae
280 1099 391 1139 inter
426 1099 595 1138 intimos
634 1100 754 1138 auiae
792 1104 833 1138 et
878 1099 1060 1138 consiliis
1098 1099 1181 1137 suis
1218 1113 1307 1147 per-

74 1163 271 1202 idoneum
305 1162 422 1211 (quia
456 1162 601 1201 Prisca
638 1162 681 1201 in
719 1162 858 1201 animo
887 1163 1108 1211 Augustae
1144 1162 1304 1208 ualida)
1326 1176 1366 1198 20

76 1240 203 1264 anum
230 1229 376 1274 suapte
402 1230 556 1264 natura
582 1225 794 1274 potentiae
823 1226 992 1264 anxiam
1021 1225 1307 1264 insociabilem

76 1288 201 1327 nurui
237 1287 456 1327 efficiebat.
512 1287 774 1337 Agrippinae
807 1302 971 1336 quoque
1005 1288 1183 1337 proximi
1216 1287 1307 1326 inli-

75 1352 296 1391 ciebantur
327 1351 469 1400 prauis
502 1351 762 1390 sermonibus
795 1351 978 1390 tumidos
1010 1351 1180 1400 spiritus
1217 1367 1307 1402 per-

74 1415 302 1455 stimulare.

155 1479 224 1520 13.
279 1478 339 1516 At
377 1477 567 1516 Tiberius
604 1477 708 1515 nihil
738 1477 976 1516 intermissa
1014 1491 1154 1516 rerum
1192 1493 1305 1527 cura,

74 1541 244 1590 negotia
282 1555 357 1590 pro
395 1541 558 1580 solaciis
595 1541 816 1590 accipiens,
854 1541 918 1579 ius
956 1541 1124 1590 ciuium,
1163 1556 1306 1591 preces

74 1603 279 1643 sociorum
315 1604 550 1651 tractabat3
598 1603 796 1652 factaque
840 1608 1012 1643 auctore
1051 1619 1098 1644 eo
1137 1610 1307 1645 senatus

74 1666 276 1715 consulta,
290 1670 336 1704 ut
349 1666 513 1705 ciuitati
526 1665 795 1716 Cibyraticae
808 1667 921 1716 apud
933 1668 1091 1716 Asiam,
1106 1669 1306 1718 Aegiensi

75 1730 187 1779 apud
207 1730 426 1778 Achaiam,
447 1733 563 1769 motu
592 1734 728 1769 terrae
755 1730 989 1779 labefactis,
1011 1732 1306 1771 subueniretur
1325 1742 1342 1774 5

74 1793 314 1833 remissione
340 1793 490 1832 tributi
514 1794 557 1832 in
584 1794 823 1833 triennium.
880 1799 921 1834 et
946 1794 1098 1833 Vibius
1127 1795 1307 1835 Serenus

75 1872 150 1907 pro
191 1857 358 1896 consule
406 1857 614 1896 ulterioris
661 1858 906 1907 Hispaniae,
952 1858 1004 1897 de
1050 1858 1091 1896 ui
1138 1859 1306 1907 publica

75 1920 312 1967 damnatus,
333 1919 385 1957 ob
413 1919 678 1958 atrocitatem
698 1934 861 1958 morum
886 1921 928 1958 in
954 1920 1136 1959 insulam
1156 1922 1305 1961 Amor-

76 1997 176 2031 gum
196 1982 453 2031 deportatur.
511 1982 725 2022 Carsidius
742 1983 958 2032 Sacerdos7
974 1997 1069 2022 reus
1090 1988 1304 2033 tamquam

73 2046 285 2085 frumento
314 2045 475 2084 hostem
503 2045 813 2085 Tacfarinatem
844 2046 1028 2094 iuuisset,
1058 2046 1303 2095 absoluitur,
1327 2070 1364 2092 10

75 2100 342 2157 eiusdemque
380 2108 564 2147 criminis
598 2108 642 2148 C.
677 2108 904 2148 Gracchus
960 2109 1071 2148 hunc
1110 2110 1303 2150 comitem
