1464 2384
229 114 307 153 AB
345 113 603 154 EXOESSV
641 113 897 154 AVGVSTI
938 114 1014 153 IV.
1052 114 1181 153 7—10
1296 114 1319 153 7

90 215 227 254 Druso
246 229 389 265 preces
408 215 463 254 ad
484 229 557 254 uos
573 220 774 255 conuerto
795 216 940 265 disque
961 221 1002 256 et
1024 217 1160 266 patria
1179 231 1319 256 coram

91 279 297 318 obtestor:
332 279 516 328 Augusti
542 284 802 328 pronepotes,
831 281 1069 319 clarissimis
1094 280 1321 319 maioribus

92 343 267 392 genitos,
296 342 504 391 suscipite,
538 343 684 392 regite,
719 350 903 382 uestram
936 358 1153 392 meamque
1187 343 1321 382 uicem

93 405 269 454 explete.
324 405 368 443 hi
398 405 528 452 uobis,
560 405 675 444 Nero
713 409 754 444 et
788 406 935 453 Druse,
969 410 1191 454 parentum
1219 406 1321 444 loco.

92 467 153 506 ita
168 467 256 505 nati
272 467 382 515 estis,
400 471 445 505 ut
456 467 568 505 bona
584 467 776 516 malaque
791 473 930 507 uestra
942 468 996 506 ad
1010 483 1096 507 rem
1110 468 1321 517 publicam
1344 482 1385 514 30

95 529 359 580 pertineant.'

172 595 209 636 9.
268 593 426 642 Magno
452 607 501 632 ea
527 593 628 632 fletu
653 598 695 632 et
720 608 817 633 mox
844 595 1154 644 precationibus
1173 594 1324 633 faustis

93 657 260 705 audita;
290 671 350 706 ac,
368 657 401 696 si
420 657 590 696 modum
610 658 788 704 orationi
806 658 1022 707 posuisset,
1038 658 1323 697 misericordia

94 721 157 760 sui
189 721 407 770 gloriaque
446 721 606 760 animos
643 721 905 760 audientium
942 721 1215 770 impleuerat:
1268 721 1323 760 ad

95 799 206 823 uana
243 788 285 823 et
321 784 475 823 totiens
512 785 641 823 inrisa
678 785 906 833 reuolutus,
941 785 992 824 de
1029 785 1246 824 reddenda
1278 799 1324 824 re

95 847 264 897 publica
284 852 413 896 utque
433 848 623 887 consules
649 862 721 887 seu
747 848 839 896 quis
865 848 972 886 alius
991 848 1177 897 regimen
1199 848 1324 887 susci-

96 914 255 960 perent,
299 924 398 949 uero
444 924 610 959 quoque
656 914 698 949 et
740 911 915 949 honesto
961 910 1085 949 fidem
1133 910 1324 959 dempsit.

96 974 319 1013 memoriae
340 974 466 1012 Drusi
487 974 633 1013 eadem
659 988 765 1023 quae
792 974 835 1012 in
861 973 1156 1012 Germanicum
1184 973 1325 1012 decer-

96 1040 267 1085 nuntur,
300 1036 508 1086 plerisque
542 1036 709 1085 additis,
740 1041 786 1075 ut
817 1036 951 1075 ferme
979 1041 1094 1075 amat
1123 1036 1326 1085 posterior

96 1101 295 1140 adulatio.
351 1100 478 1139 funus
504 1101 736 1149 imaginum
764 1115 916 1149 pompa
943 1101 1123 1139 maxime
1150 1100 1324 1140 inlustre

96 1164 190 1212 fuit,
237 1178 331 1203 cum
377 1164 494 1213 origo
540 1164 674 1203 Iuliae
720 1164 858 1213 gentis
896 1165 1063 1203 Aeneas
1100 1178 1324 1213 omnesque

97 1228 360 1267 Albanorum
392 1241 513 1276 reges
541 1231 583 1266 et
614 1227 806 1266 conditor
840 1227 954 1265 urbis
986 1227 1199 1275 Romulus,
1232 1231 1326 1276 post

99 1291 257 1331 Sabina
293 1290 502 1336 nobilitas,
541 1291 670 1330 Attus
704 1290 880 1330 Clausus
919 1294 1165 1338 ceteraeque
1204 1289 1326 1330 Clau-

97 1353 261 1392 diorum
290 1353 446 1402 effigies
474 1353 600 1402 longo
630 1353 774 1392 ordine
803 1356 1104 1402 spectarentur.

178 1417 248 1460 10.
304 1417 354 1456 In
392 1417 600 1456 tradenda
637 1421 770 1456 morte
814 1417 940 1456 Drusi
987 1431 1095 1465 quae
1138 1417 1327 1466 plurimis

98 1482 387 1530 maximaeque
407 1481 505 1520 fidei
530 1481 772 1520 auctoribus
792 1485 1022 1519 memorata
1043 1484 1140 1519 sunt
1159 1480 1326 1528 rettuli3

98 1546 171 1585 sed
202 1560 286 1585 non
323 1546 531 1585 omiserim
569 1545 795 1584 eorundem
833 1550 1068 1594 temporum
1106 1559 1327 1593 rumorem,

100 1609 285 1648 ualidum
318 1608 436 1657 adeo,
470 1614 517 1647 ut
552 1608 737 1647 nondum
766 1608 989 1647 exolescat.
1045 1611 1245 1656 corrupta
1273 1607 1328 1646 ad

101 1671 236 1710 scelus
267 1671 388 1709 Liuia
423 1670 619 1709 Seianum
648 1670 786 1719 Lygdi
815 1683 980 1718 quoque
1011 1669 1207 1719 spadonis
1240 1670 1327 1708 ani-

99 1749 212 1773 mum
251 1734 445 1782 uinxisse,
479 1734 592 1783 quod
625 1735 659 1772 is
696 1738 836 1773 aetate
873 1738 1000 1782 atque
1037 1733 1173 1772 forma
1207 1747 1329 1772 carus

100 1799 267 1838 domino
304 1799 496 1848 interque
530 1799 731 1848 primores
767 1798 979 1837 ministros
1017 1802 1129 1845 erat3
1177 1797 1328 1837 deinde

100 1862 210 1901 inter
223 1862 407 1900 conscios
422 1861 493 1900 ubi
505 1861 620 1900 locus
636 1860 825 1900 ueneficii
840 1865 1086 1909 tempusque
1103 1860 1330 1909 composita

99 1925 193 1973 sint,
221 1938 267 1963 eo
296 1924 497 1963 audaciae
526 1929 784 1973 prouectum,
814 1928 860 1962 ut
889 1928 1072 1963 uerteret
1101 1928 1143 1962 et
1167 1923 1329 1962 occulto

100 1986 253 2025 indicio
283 1986 464 2024 Drusum
494 1986 642 2025 ueneni
672 1986 714 2024 in
744 1990 906 2035 patrem
932 1999 1114 2034 arguens
1142 1990 1330 2024 moneret

100 2049 313 2088 Tiberium
348 2049 563 2087 uitandam
601 2049 823 2098 potionem,
852 2064 959 2097 quae
988 2049 1122 2097 prima
1152 2049 1188 2087 ei
1217 2048 1329 2097 apud

100 2113 229 2152 filium
250 2112 436 2162 epulanti
457 2112 691 2152 offerretur.
748 2127 796 2151 ea
815 2112 965 2152 fraude
986 2116 1154 2162 captum
1176 2126 1329 2160 senem,

1349 1183 1387 1204 10

1354 1998 1391 2020 10
