1464 2384
234 107 311 145 AB
353 106 607 146 EXOESSV
645 106 900 145 AVGVs'l'l
940 105 1015 144 IV.
1055 105 1210 143 31—33
1291 105 1341 142 23

108 221 195 246 rem
221 206 361 256 fuerit,
381 208 480 256 quia
506 208 628 256 pauci
656 207 881 256 prudentia
908 207 1083 246 honesta
1110 207 1163 245 ab
1189 206 1340 245 deteri-

109 269 262 319 oribus,
291 270 411 309 utilia
443 270 496 309 ab
531 270 668 309 noxiis
701 270 958 319 discernunt,
991 271 1130 319 plures
1163 270 1339 308 alioruin

108 332 269 371 euentis
285 333 499 372 docentur.
537 338 720 372 ceterum
738 338 784 371 ut
800 333 1034 381 profutura,
1048 333 1107 371 ita
1123 333 1340 370 minimum

108 395 399 434 oblectationis
414 395 625 434 adferunt.
664 410 763 434 nam
777 396 881 434 situs
895 396 1098 444 gentium,
1113 396 1339 434 uarietates

108 460 370 509 proeliorum,
405 460 506 499 clari
545 460 698 499 ducum
733 460 871 499 exitus
904 461 1088 499 retinent
1120 475 1168 499 ac
1202 460 1396 503 1·edin-15

107 527 278 571 tegrant
306 523 535 572 legentium
570 523 767 562 animum.
824 538 899 562 nos
933 538 1058 563 saeua
1090 525 1213 573 iussa,
1243 539 1338 564 con-

107 586 246 624 tinuas
291 586 589 634 accusationes,
634 586 807 625 fallaces
850 587 1067 635 amicitias,
1112 588 1337 636 perniciem

107 650 391 689 innocentium
428 654 470 689 et
502 650 670 689 easdem
702 651 817 690 exitu
852 665 999 690 causas
1032 652 1336 701 coniungimus,

106 713 230 752 obuia
270 727 409 752 rerum
447 714 719 753 similitudine
757 719 798 754 et
835 715 1041 753 satietate.
1097 719 1185 753 tum
1224 715 1336 763 quod

105 775 288 824 antiquis
314 775 586 824 scriptoribus
612 790 731 814 rarus
758 777 1030 826 obtrectator,
1051 791 1186 825 neque
1206 777 1336 816 refert
1355 791 1395 812 20

105 838 350 886 cuiusquam
364 838 544 877 Punicas
558 839 824 877 Romanasne
838 839 947 877 acies
956 839 1107 878 laetius
1117 840 1317 879 extuleris
1324 857 1333 887 ;

104 904 148 938 at
170 900 408 950 multorum,
429 901 500 950 qui
520 901 686 940 Tiberio
706 906 880 950 regente
900 916 1077 950 poenam
1099 903 1163 941 uel
1185 903 1334 941 infam-

104 963 165 1001 ias
202 963 377 1011 subiere,
412 965 566 1013 posteri
599 970 783 1003 manent.
840 970 969 1013 utque
1001 965 1187 1005 familiae
1219 966 1333 1015 ipsae

103 1026 186 1065 iam
224 1028 435 1066 extinctae
473 1028 568 1076 sint,
598 1028 781 1077 reperias
819 1029 889 1076 qui
927 1029 979 1067 ob
1017 1029 1333 1070 similitudinem

103 1105 263 1129 morum
285 1091 422 1129 aliena
440 1091 666 1130 malefacta
687 1091 765 1129 sibi
780 1092 981 1130 obiectari
997 1097 1158 1141 putent.
1206 1094 1332 1133 etiam
1352 1109 1390 1142 25

103 1155 236 1202 gloria
256 1169 303 1193 ac
324 1155 458 1193 uirtus
472 1155 657 1194 infensos
672 1155 814 1204 habet,
831 1160 877 1193 ut
892 1156 1015 1194 nimis
1031 1170 1083 1195 ex
1098 1157 1331 1206 propinquo

102 1218 268 1257 diuersa
287 1232 479 1267 arguens.
536 1218 608 1257 sed
629 1218 683 1256 ad
703 1218 915 1267 inceptum
935 1219 1071 1258 redeo.
