1464 2384
143 107 190 146 16
505 106 781 147 CORNELII
819 106 1014 147 TACITI

104 224 120 257 5
141 209 345 258 domoque
371 210 570 259 principis
595 210 735 249 excire
763 223 888 248 ausus
908 214 1010 249 erat.
1066 223 1173 258 quae
1193 210 1237 248 in
1256 222 1374 258 prae-

141 287 234 312 sens
247 273 438 312 Tiberius
451 273 631 312 ciuiliter
643 273 793 312 habuit
805 290 814 321 3
837 273 909 312 sed
922 273 964 311 in
978 273 1116 312 animo
1129 272 1374 311 reuoluente

141 337 237 385 iras,
257 336 385 375 etiam
404 335 437 374 si
455 336 635 384 impetus
655 336 895 374 offensionis
922 336 1159 384 languerat,
1179 335 1378 374 memoria

142 401 325 440 ualebat.
408 400 599 438 Pisonem
651 398 697 448 Q.
745 399 928 438 Granius
977 399 1126 437 secreti
1172 397 1374 437 sermonis

143 463 353 502 incusauit
372 462 596 501 aduersum
622 462 884 500 maiestatem
903 462 1050 510 habiti,
1071 461 1307 509 adiecitque
1336 460 1380 498 in

90 545 126 567 10
145 527 267 565 domo
298 526 385 565 eius
413 540 621 564 uenenum
650 540 737 564 esse
766 540 944 574 eumque
973 525 1114 574 gladio
1143 525 1379 564 accinctum

145 591 318 629 introire
344 590 514 629 curiam.
571 590 682 638 quod
710 594 755 628 ut
784 590 967 628 atrocius
993 604 1092 629 uero
1118 589 1380 631 tramissum3

147 658 394 702 ceterorum,
423 668 530 702 quae
559 653 692 691 multa
723 653 1062 701 cumulabantur,
1092 657 1285 701 receptus
1317 655 1381 690 est

147 733 255 768 reus,
284 733 419 767 neque
448 722 643 767 peractus
676 717 728 756 ob
763 722 939 756 mortem
969 721 1259 765 opportunam.
1318 729 1383 754 re-

148 783 282 821 latum
296 786 337 820 et
350 781 402 820 de
419 780 562 820 Cassio
580 781 735 820 Seuero
751 780 887 828 exule,
903 780 975 828 qui
989 779 1182 818 sordidae
1196 779 1383 827 originis,

95 859 130 890 15
150 846 369 884 maleficae
398 845 524 892 uitae,
555 844 627 883 secl
657 844 808 883 orandi
836 843 1014 892 ualidus,
1043 857 1117 892 per
1144 842 1388 881 immodicas

150 908 392 947 inimicitias
418 912 465 946 ut
490 907 644 946 iudicio
670 907 796 945 iurati
823 910 992 945 senatus
1021 906 1190 946 Cretam
1220 919 1385 944 amoue-

154 975 271 1010 retur
291 971 491 1009 effecerat
503 988 512 1018 ;
543 974 669 1018 atque
689 969 773 1007 illic
795 969 940 1008 eadem
961 968 1177 1007 actitando
1198 967 1384 1007 recentia

153 1038 381 1082 ueteraque
408 1033 505 1072 odia
531 1033 728 1081 aduertit,
749 1032 951 1081 bonisque
976 1036 1140 1080 exutus,
1160 1030 1384 1070 interdicto

154 1097 242 1145 igni
264 1101 392 1145 atque
412 1110 534 1144 aqua,
556 1110 655 1134 saxo
679 1095 854 1144 Seripho
874 1094 1104 1133 consenuit.

232 1161 303 1202 22.
361 1159 441 1197 Per
461 1159 572 1198 idem
592 1163 756 1206 tempus
776 1157 968 1196 Plautius
990 1157 1188 1196 Siluanus
1214 1160 1383 1205 praetor

152 1223 323 1261 incertis
343 1222 478 1260 causis
499 1222 728 1270 Aproniam
746 1220 966 1268 coniugem
986 1220 1030 1258 in
1050 1233 1248 1268 praeceps
1267 1219 1386 1266 iecit;

153 1290 396 1333 tractusque
412 1284 467 1323 ad
484 1284 705 1324 Caesarem
720 1284 773 1322 ab
791 1283 835 1321 L.
853 1282 1040 1331 Apronio
1056 1296 1198 1321 socero
1214 1282 1386 1320 turbata

153 1353 293 1388 mente
313 1348 540 1397 respondit,
566 1352 782 1395 tamquam
808 1347 896 1395 ipse
922 1360 1064 1385 somno
1092 1346 1234 1395 grauis
1259 1350 1386 1395 atque

116 1431 134 1464 5
154 1412 407 1461 eoignarus,
428 1416 470 1450 et
489 1425 595 1450 uxor
619 1415 765 1459 sponte
792 1414 969 1448 mortem
996 1409 1249 1458 sumpsisset.
1304 1422 1387 1447 non

155 1479 404 1514 cunctanter
417 1475 607 1514 Tiberius
620 1474 759 1523 pergit
770 1474 813 1511 in
827 1473 1009 1521 domum,
1023 1473 1121 1511 uisit
1135 1473 1386 1521 cubiculum,

153 1539 197 1577 in
217 1553 299 1587 quo
319 1538 566 1578 reluctantis
587 1542 628 1576 et
653 1537 855 1586 impulsae
885 1536 1064 1584 uestigia
1090 1535 1386 1574 cernebantur.

155 1601 286 1640 refert
323 1601 377 1639 ad
418 1605 621 1649 senatum,
660 1600 852 1648 datisque
896 1599 1105 1638 iudicibus
1148 1598 1388 1646 Vrgulania

158 1664 319 1703 Siluani
342 1664 437 1702 auia
465 1665 691 1713 pugionem
719 1663 862 1712 nepoti
890 1662 1015 1701 misit.
1072 1661 1185 1711 quod
1213 1661 1386 1710 perinde

100 1745 137 1767 10
156 1727 375 1775 creditum,
423 1727 542 1775 quasi
592 1726 791 1775 principis
837 1726 1011 1773 monitu,
1058 1725 1110 1764 ob
1159 1725 1387 1763 amicitiam

155 1790 376 1837 Augustae
408 1803 502 1828 cum
536 1789 786 1838 Vrgulania.
843 1802 951 1837 reUS,
986 1788 1145 1827 frustra
1183 1791 1387 1836 temptato

154 1852 280 1900 ferro,
296 1866 425 1890 uenas
440 1852 635 1901 praebuit
651 1852 940 1891 exsoluendas.
997 1864 1095 1889 mox
1114 1850 1388 1898 Numantina,

155 1916 268 1965 prior
309 1930 414 1954 uxor
453 1916 552 1965 eius,
591 1920 788 1955 accusata
825 1915 1015 1954 iniecisse
1053 1913 1308 1953 carminibus
1347 1917 1388 1952 et

155 1979 369 2018 ueneficiis
397 1979 663 2018 uaecordiam
693 1979 856 2027 marito,
886 1979 1028 2016 insons
1056 1977 1278 2016 iudicatur.

235 2044 305 2085 23.
362 2042 404 2080 IS
425 2042 592 2081 demum
621 2056 755 2081 annus
781 2041 980 2090 populum
1008 2041 1242 2079 Romanum
1261 2039 1387 2088 longo

155 2106 378 2146 aduersum
417 2105 646 2145 Numidam
683 2105 995 2144 Tacfarinatem
1041 2104 1152 2143 bello
1190 2103 1385 2142 absoluit.
