1464 2384
143 510 451 549 CHAPTERS
492 510 698 548 34—45:
740 512 976 549 EVEN‘I'S
1018 510 1092 549 OF
1133 511 1192 548 25
1225 510 1329 547 A.D.

201 641 272 684 34.
329 641 520 681 Cornelio
554 641 679 681 Cosso
712 642 858 681 Asinio
892 643 1083 692 Agrippa
1112 643 1351 682 consulibus

124 704 361 744 Cremutius
387 705 548 745 Cordus
574 706 823 755 postulatur,
844 721 952 745 nouo
978 721 1026 746 ac
1050 712 1150 746 tunc
1170 707 1350 756 primum

123 768 267 808 audito
305 770 488 819 crimine,
527 770 639 818 quod
677 770 799 809 editis
836 771 1060 809 annalibus
1096 771 1350 819 laudatoque

123 830 181 869 M.
202 831 334 870 Bruto
361 831 405 871 C.
427 831 616 871 Cassium
644 832 926 870 Romanorum
954 833 1146 871 ultimum
1167 833 1351 872 dixisset.

86 895 380 938 saccusabant
423 895 588 935 Satrius
633 895 852 935 Secundus
893 900 934 935 et
972 896 1166 935 Pinarius
1204 897 1349 945 Natta,

125 957 266 997 Seiani
292 958 478 997 clientes.
533 958 577 997 id
603 959 875 1007 perniciabile
901 973 984 1007 reo,
1005 964 1047 998 et
1071 959 1224 999 Caesar
1243 959 1351 998 truci

124 1021 245 1060 uultu
266 1021 551 1061 defensionem
571 1022 792 1071 accipiens,
813 1037 938 1071 quam
960 1022 1208 1071 Cremutius,
1228 1023 1352 1062 relin-

124 1084 316 1132 quendae
344 1084 456 1123 uitae
485 1089 636 1132 certus,
657 1085 700 1123 in
728 1085 840 1123 hunc
870 1085 1040 1124 modum
1068 1100 1240 1125 exorsus
1268 1091 1351 1125 est:

127 1145 296 1187 ‘Verba
339 1162 443 1196 mea,
481 1153 622 1197 patres
660 1148 897 1197 conscripti,
936 1154 1174 1197 arguuntur
1185 1167 1195 1198 3
1248 1149 1352 1188 adeo

69 1225 106 1247 10
125 1210 334 1250 factorum
349 1211 547 1250 innocens
563 1225 665 1250 sum.
713 1211 784 1250 secl
800 1225 934 1260 neque
949 1211 1051 1251 haec
1068 1213 1111 1251 in
1123 1213 1353 1262 principem

125 1279 199 1314 aut
224 1275 423 1324 principis
450 1280 680 1324 parentem,
701 1290 805 1324 quos
830 1275 898 1314 lex
925 1277 1154 1315 maiestatis
1174 1277 1353 1326 amplec-

126 1338 250 1377 titur:
290 1338 468 1377 Brutum
495 1343 537 1377 et
561 1338 749 1378 Cassium
770 1339 1007 1378 laudauisse
1028 1339 1154 1388 dicor,
1176 1354 1353 1389 quorum

125 1415 190 1440 res
233 1407 373 1450 gestas
414 1416 509 1440 cum
547 1402 714 1451 plurimi
752 1403 1071 1451 composuerint,
1109 1417 1229 1442 nemo
1267 1404 1354 1443 sine

125 1464 281 1503 honore
327 1466 587 1504 memorauit.
643 1465 759 1503 Titus
807 1465 961 1514 Liuius,
999 1465 1260 1514 eloquentiae
1306 1480 1354 1505 ac

69 1539 104 1573 15
126 1527 223 1567 fidei
266 1529 507 1577 praeclarus
549 1529 591 1567 in
636 1528 791 1578 primis,
831 1528 904 1569 Cn.
945 1529 1187 1579 Pompeium
1225 1530 1354 1569 tantis

125 1592 321 1631 laudibus
346 1593 444 1631 tulit
471 1599 515 1632 ut
540 1593 841 1642 Pompeianum
861 1608 954 1632 eum
974 1594 1194 1643 Augustus
1214 1595 1353 1644 appel-

125 1652 232 1695 laret
244 1673 253 1704 ;
283 1670 418 1705 neque
438 1656 481 1695 id
502 1656 711 1696 amicitiae
731 1671 875 1695 eorum
895 1657 1047 1696 offecit.
1105 1658 1352 1707 Scipionem,

126 1720 363 1767 Afranium,
415 1720 526 1758 hunc
576 1720 712 1769 ipsum
765 1720 966 1767 Cassium,
1012 1720 1123 1759 hunc
1175 1721 1352 1760 Brutum

125 1798 332 1832 nusquam
358 1783 542 1822 latrones
561 1788 601 1822 et
623 1784 866 1832 parricidas,
887 1798 994 1833 quae
1014 1798 1125 1822 nunc
1148 1785 1354 1824 uocabula

68 1866 108 1888 20
124 1846 395 1895 inponuntur,
417 1860 538 1896 saepe
559 1851 604 1885 ut
624 1846 808 1895 insignes
830 1847 940 1885 uiros
960 1847 1162 1886 nominat.
1219 1848 1353 1887 Asinii

127 1909 325 1948 Pollionis
378 1909 532 1958 scripta
580 1909 793 1957 egregiam
840 1910 1066 1949 eorundem
1113 1911 1355 1950 memoriam

126 1973 321 2021 tradunt;
380 1972 575 2011 Messalla
628 1972 833 2011 Coruinus
885 1973 1178 2022 imperatorem
1233 1989 1352 2014 suum

127 2036 316 2076 Cassium
368 2036 663 2085 praedicabam
719 2041 760 2074 et
813 2041 987 2085 uterque
1033 2037 1181 2086 opibus
1227 2042 1354 2087 atque

127 2100 353 2139 honoribus
387 2100 647 2148 peruiguere.
710 2099 841 2138 Marci
877 2099 1088 2139 Ciceronis
1120 2101 1239 2150 libro,
1273 2117 1354 2151 quo
