1464 2384
264 573 486 621 Chapters
516 574 724 612 46—61:
767 576 938 613 Events
967 575 1016 612 of
1043 576 1103 613 26
1125 575 1231 612 A.D.

212 693 286 736 46.
342 694 521 734 Lentulo
563 695 781 734 Gaetulico
819 695 863 735 C.
904 695 1086 735 Caluisio
1124 695 1364 735 consulibus

136 756 306 796 decreta
333 758 535 807 triumphi
560 759 743 807 insignia
770 759 965 808 Poppaeo
994 759 1150 799 Sabino
1180 758 1364 798 contusis

135 820 369 859 Thraecum
390 821 599 869 gentibus,
616 822 687 870 qui
702 822 907 860 montium
922 822 1045 861 editis
1059 821 1222 860 incultu
1236 825 1364 869 atque

136 898 183 922 eo
209 883 391 922 ferocius
410 884 646 932 agitabant.
702 898 828 923 causa
849 889 985 923 motus
1006 898 1129 933 super
1147 883 1363 922 hominum

98 957 116 992 5
135 948 364 997 ingenium,
385 949 497 997 quod
520 949 609 998 pati
633 949 811 988 dilectus
833 953 875 987 et
894 948 1197 987 ualidissimum
1222 962 1363 996 quem-

135 1026 216 1060 que
242 1012 415 1051 militiae
441 1016 608 1051 nostrae
630 1012 730 1051 dare
751 1013 1100 1061 aspernabantur,
1121 1026 1173 1050 ne
1193 1011 1364 1060 regibus

136 1075 305 1124 quidem
325 1089 472 1124 parere
492 1075 569 1113 nisi
591 1089 642 1113 ex
662 1075 837 1113 libidine
857 1074 979 1123 soliti,
996 1078 1082 1123 aut,
1099 1074 1130 1112 si
1146 1074 1363 1112 mitterent

135 1139 305 1187 auxilia,
331 1152 426 1177 suos
455 1138 649 1177 ductores
675 1139 899 1188 praeficere
926 1152 1002 1177 nec
1031 1138 1110 1176 nisi
1140 1138 1363 1177 aduersum

136 1202 299 1241 accolas
332 1202 593 1250 belligerare.
649 1216 698 1241 ac
731 1206 820 1240 tum
849 1216 991 1240 rumor
1018 1202 1245 1240 incesserat
1273 1200 1363 1240 fore

81 1280 119 1302 10
136 1270 183 1304 ut
216 1265 378 1304 disiecti
407 1265 582 1313 aliisque
611 1264 851 1303 nationibus
879 1264 1076 1313 permixti
1105 1264 1292 1303 diuersas
1320 1263 1362 1301 in

136 1334 271 1369 terras
296 1329 576 1368 traherentur.
632 1328 715 1376 sed,
736 1333 962 1377 antequam
982 1342 1099 1367 arma
1119 1327 1363 1376 inciperent,

136 1391 284 1430 misere
297 1390 459 1439 legatos
472 1389 700 1428 amicitiam
712 1389 1039 1437 obsequiumque
1048 1392 1363 1436 mfflnoraturos,

137 1458 178 1493 et
203 1468 402 1492 mansura
427 1453 531 1492 haec
558 1453 589 1491 si
617 1453 732 1491 nullo
759 1467 867 1491 nouo
888 1466 1012 1491 onere
1032 1455 1363 1501 tempta-rentum

137 1518 200 1557 sin
228 1521 275 1556 ut
301 1517 423 1556 uictis
449 1516 666 1555 seruitium
691 1516 959 1564 indiceretur,
986 1530 1073 1554 esse
1101 1515 1179 1554 sibi
1204 1514 1363 1554 ferrum

82 1595 117 1629 15
137 1584 178 1619 et
203 1580 466 1618 iuuentutem
493 1583 535 1618 et
554 1583 793 1628 promptum
813 1578 999 1617 libertati
1019 1582 1093 1616 aut
1113 1577 1167 1616 ad
1186 1581 1363 1616 mortem

137 1643 334 1682 animum.
390 1642 513 1680 simul
539 1642 713 1680 castella
738 1641 913 1690 rupibus
938 1641 1073 1680 indita
1094 1641 1364 1690 conlatosque

136 1707 237 1746 illuc
274 1710 469 1756 parentes
505 1710 547 1744 et
585 1706 783 1754 coniuges
821 1705 1092 1744 ostentabant
1125 1704 1364 1753 bellumque

136 1770 384 1819 impeditum
413 1768 592 1808 arduum
622 1773 841 1808 cruentum
870 1767 1188 1806 minitabantur.

215 1834 287 1876 47.
343 1834 404 1871 At
431 1832 623 1881 Sabinus,
651 1832 783 1871 donec
809 1832 1019 1871 exercitus
1044 1831 1086 1869 in
1113 1846 1243 1869 unum
1271 1845 1365 1870 con-

139 1897 322 1944 duceret,
339 1895 448 1934 datis
462 1895 634 1934 mitibus
648 1896 866 1944 responsis,
881 1899 1101 1944 postquam
1115 1894 1367 1942 Pomponius

139 1960 280 2000 Labeo
306 1973 327 1998 e
352 1959 511 1997 Moesia
530 1972 624 1997 cum
644 1959 820 2007 legione,
841 1973 915 1997 rex
936 1957 1253 1996 Rhoemetalces
1272 1971 1366 1995 cum

139 2023 305 2064 auxiliis
350 2022 626 2071 popularium,
670 2021 741 2070 qui
787 2021 911 2060 fidem
957 2035 1040 2059 non
1083 2024 1365 2067 mutauerant,

102 2100 305 2134 5ue11ere‚
338 2085 484 2124 addita
521 2084 730 2134 praesenti
769 2084 888 2133 copia
925 2084 979 2122 ad
1016 2084 1177 2122 hostem
1214 2083 1366 2131 pergit,
