1464 2384
203 117 281 156 AB
318 116 576 157 EXCESSV
613 115 870 156 AVGVSTI
909 116 986 156 IV.
1027 116 1175 155 18-21
1263 114 1327 153 154

81 219 252 259 foedata
289 224 330 260 et
370 234 476 259 uxor
523 220 641 259 Sosia
686 219 987 268 arguebantur.
1061 234 1136 258 nec
1183 219 1310 257 dubie

81 284 409 333 repetundarum
455 283 697 322 criminibus
743 283 989 332 haerebant,
1037 283 1109 322 sed
1157 287 1310 322 cuncta

81 347 323 395 quaestione
342 346 571 385 maiestatis
591 346 787 394 exercita,
809 350 850 384 et
872 346 998 385 Silius
1023 346 1309 385 imminentem

81 409 391 449 damnationem
412 409 649 448 uoluntario
670 410 751 448 fine
771 410 1013 458 praeuertit.

160 473 232 517 20.
289 474 505 513 Saeuitum
519 478 659 512 tamen
672 473 715 511 in
730 473 854 522 bona,
867 487 951 512 non
969 478 1015 511 ut
1030 473 1311 522 stipendiariis

81 538 282 586 pecuniae
310 537 599 586 redderentur,
629 552 805 586 quorum
831 551 952 576 nemo
980 537 1211 586 repetebat,
1238 537 1310 576 sed

81 600 311 639 liberalitas
357 600 540 649 Augusti
583 600 742 648 auulsa,
781 600 1020 648 conputatis
1064 599 1310 647 singillatim

81 676 188 711 quae
238 663 335 701 fisco
382 662 647 711 petebantur.
721 676 770 700 ea
816 662 952 711 prima
997 662 1162 701 Tiberio
1209 676 1311 711 erga

81 726 302 775 pecuniam
327 726 507 765 alienam
533 725 754 774 diligentia
779 725 874 764 fuit.
931 726 1049 765 Sosia
1075 726 1117 764 in
1139 726 1310 765 exilium

80 791 250 840 pellitur
271 791 406 829 Asinii
436 790 545 829 Galli
573 790 794 838 sententia,
815 790 886 839 qui
912 794 1076 839 partem
1105 790 1311 829 bonorum

82 853 392 902 publicandam,
413 868 509 902 pars
529 857 574 891 ut
594 853 736 891 liberis
752 853 1061 901 relinqueretur
1078 857 1310 893 censuerat.

82 922 228 956 contra
250 917 321 957 Μ’.
342 917 525 966 Lepidus
539 921 735 965 quartam
750 917 1065 956 accusatoribus
1081 917 1310 957 secundum

82 980 430 1020 necessitudinem
450 980 566 1029 legis,
594 984 734 1019 cetera
762 980 904 1019 liberis
928 980 1143 1019 concessit.
1198 981 1310 1019 hunc

83 1058 160 1092 ego
190 1043 391 1092 Lepidum
418 1043 674 1092 temporibus
699 1042 782 1080 illis
808 1056 983 1091 grauem
1012 1048 1053 1081 et
1080 1043 1309 1092 sapientem

83 1108 217 1145 uirum
255 1107 382 1146 fuisse
420 1106 671 1155 comperior3
714 1120 812 1144 nam
845 1106 1046 1155 pleraque
1084 1106 1137 1144 ab
1175 1107 1311 1146 saeuis

82 1169 394 1208 adulationibus
414 1169 591 1208 aliorum
610 1169 653 1207 in
672 1169 819 1208 melius
835 1169 962 1207 flexit.
1018 1183 1154 1218 neque
1169 1173 1311 1209 tamen

83 1234 401 1282 temperamenti
429 1233 594 1282 egebat,
624 1248 718 1271 cuin
747 1233 957 1281 aequabili
987 1234 1240 1274 auctoritate
1269 1239 1311 1273 et

83 1297 221 1346 gratia
233 1297 345 1346 apud
361 1297 573 1336 Tiberium
589 1296 784 1345 uiguerit.
833 1296 943 1336 unde
960 1296 1155 1336 dubitare
1171 1311 1309 1347 cogor,

82 1360 170 1399 fato
217 1365 258 1399 et
296 1365 405 1399 sorte
448 1359 660 1407 nascendi,
699 1363 744 1397 ut
788 1364 939 1407 cetera,
978 1360 1037 1398 ita
1075 1360 1310 1409 principum

82 1423 297 1462 inclinatio
324 1423 367 1461 in
396 1423 483 1470 hos,
512 1422 685 1461 offensio
710 1423 753 1460 in
781 1422 886 1471 illos,
916 1437 970 1461 an
1000 1423 1052 1461 sit
1081 1424 1240 1472 aliquid
1267 1424 1309 1462 in

83 1487 234 1526 nostris
262 1487 442 1525 consiliis
471 1487 678 1535 liceatque
704 1486 814 1525 inter
842 1487 1067 1536 abruptam
1096 1492 1311 1527 contuma-

83 1551 189 1590 ciam
218 1556 260 1590 et
289 1550 475 1590 deforme
504 1550 749 1599 obsequium
775 1564 950 1599 pergere
976 1552 1057 1590 iter
1082 1552 1310 1592 ambitione

83 1627 130 1652 ac
174 1613 369 1662 periculis
407 1627 599 1651 uacuum.
655 1618 700 1651 at
744 1613 994 1652 Messalinus
1034 1613 1158 1653 Cotta
1195 1615 1310 1654 haud

83 1677 218 1714 minus
245 1676 367 1714 claris
393 1676 631 1724 maioribus,
655 1676 728 1715 sed
754 1676 892 1715 animo
919 1676 1121 1725 diuersus,
1149 1678 1311 1716 censuit

83 1739 317 1778 cauendum
346 1743 514 1778 senatus
542 1740 731 1779 consulto
760 1744 807 1778 ut
839 1755 1096 1789 quamquam
1125 1741 1311 1781 insontes

83 1803 355 1851 magistratus
383 1807 425 1842 et
453 1803 600 1852 culpae
629 1803 790 1842 alienae
822 1804 946 1842 nescii
982 1805 1310 1853 prouincialibus

82 1880 259 1904 uxorum
280 1866 522 1904 criminibus
542 1866 714 1915 perinde
735 1881 861 1915 quam
881 1867 965 1906 suis
984 1867 1280 1917 plecterentur.

162 1930 231 1971 21.
287 1930 443 1968 Actum
472 1929 622 1968 dehinc
650 1929 701 1968 de
731 1929 958 1979 Calpurnio
985 1930 1148 1979 Pisone,
1178 1932 1309 1971 nobili

82 2007 130 2031 ac
163 1992 292 2032 feroci
322 1992 422 2031 uiro.
477 1993 511 2031 is
538 2007 731 2041 namque,
762 1999 809 2032 ut
836 1993 994 2042 rettuli,
1024 2007 1238 2033 cessurum
1267 2010 1309 2035 se

83 2056 186 2095 urbe
201 2056 254 2095 ob
269 2055 473 2095 factiones
486 2060 777 2095 accusatorum
791 2056 835 2094 in
852 2060 1000 2094 senatu
1016 2056 1310 2097 clamitauerat

83 2125 124 2160 et
137 2125 276 2169 spreta
290 2120 476 2168 potentia
484 2120 704 2168 Augustae
717 2119 884 2158 trahere
896 2119 939 2157 in
952 2119 1016 2157 ius
1029 2119 1309 2168 Vrgulaniam

1329 426 1371 448 20

1331 743 1346 776 5

1334 1058 1371 1079 10

1333 1377 1368 1410 15

1330 1693 1371 1715 20
