1464 2384
236 115 313 155 AB
351 112 610 154 EXCEssV
648 110 904 151 AVGVSTI
943 110 1018 149 IV.
1056 110 1119 158 34,
1157 109 1208 148 35
1288 109 1339 147 25

109 217 311 258 Catonem
337 217 451 256 caelo
478 215 688 264 aequauit,
708 214 809 263 quid
836 213 951 252 aliud
977 213 1159 252 dictator
1185 212 1339 251 Caesar
1359 223 1397 256 25

109 295 235 330 quam
260 279 463 328 rescripta
489 278 689 325 oratione,
711 277 827 315 uelut
850 276 963 325 apud
982 275 1151 324 iudices,
1171 288 1340 323 respon-

109 343 201 382 dit?
256 342 431 382 Antonii
447 341 663 391 epistulae,
680 340 801 378 Bruti
817 340 1032 378 contiones
1047 339 1155 377 falsa
1170 337 1340 387 quidem

108 406 151 444 in
194 406 436 454 Augustum
480 405 645 453 probra,
685 403 756 442 sed
800 403 934 441 multa
977 417 1071 441 cum
1109 401 1340 441 acerbitate

110 469 290 516 habent;
333 467 521 506 carmina
553 466 746 505 Bibaculi
780 470 821 504 et
855 464 1011 504 Catulli
1050 464 1207 504 referta
1245 477 1340 502 con-

111 532 292 571 tumeliis
321 531 548 571 Caesarum
576 531 797 579 leguntur3
828 529 896 568 secl
928 529 1014 578 ipse
1044 529 1167 567 diuus
1196 528 1339 577 Iulius,
1359 542 1399 573 30

110 596 196 645 ipse
223 596 345 635 diuus
369 596 590 643 Augustus
611 598 652 633 et
672 593 805 632 tulere
825 593 905 632 ista
926 599 967 631 et
987 593 1205 641 reliquere,
1224 592 1340 631 haud

109 658 234 698 facile
280 659 470 706 dixerim,
510 657 794 696 moderatione
841 657 976 705 magis
1023 671 1076 695 an
1122 656 1339 705 sapientia.

109 736 288 771 namque
318 726 457 770 spreta
486 720 750 759 exolescunt:
791 719 825 757 si
852 719 1046 767 irascare,
1076 719 1253 767 adgnita
1281 719 1340 757 ui-

111 785 275 825 dentur.

189 850 260 891 35.
316 847 435 887 ‘Non
469 847 634 895 attingo
667 846 861 893 Graecos,
891 861 1066 895 quorum
1101 859 1183 884 non
1216 844 1340 884 modo

110 913 293 961 libertas,
314 913 440 951 etiam
466 911 596 950 libido
622 910 851 959 impunita3
882 914 956 948 aut
976 909 1009 948 si
1029 910 1121 959 quis
1142 909 1339 957 aduertit,

110 976 232 1015 dictis
258 976 370 1015 dicta
397 976 509 1014 ultus
535 982 608 1013 est.
666 974 737 1013 sed
764 973 944 1012 maxime
971 973 1152 1012 solutum
1181 976 1223 1011 et
1252 973 1339 1011 sine

110 1041 391 1079 obtrectatore
417 1038 498 1077 fuit
524 1037 700 1087 prodere
727 1036 778 1075 de
804 1036 865 1085 iis,
886 1050 989 1085 quos
1015 1050 1125 1075 mors
1151 1035 1246 1075 odio
1266 1041 1340 1075 aut

110 1103 271 1152 gratiae
315 1102 547 1141 exemisset.
603 1115 703 1139 num
747 1100 857 1139 enim
900 1100 1075 1138 armatis
1119 1100 1261 1139 Cassio
1298 1104 1340 1139 et
1360 1107 1376 1139 5

109 1168 241 1206 Bruto
285 1181 332 1205 ac
378 1166 666 1214 Philippenses
709 1177 877 1212 campos
914 1163 1202 1202 obtinentibus
1239 1163 1339 1202 belli

109 1231 243 1271 ciuilis
269 1245 394 1270 causa
418 1230 617 1279 populum
636 1242 710 1277 per
730 1228 946 1267 contiones
964 1227 1143 1266 incendo
1159 1227 1174 1266 ⁶?
1205 1241 1260 1266 an
1279 1227 1339 1266 illi

108 1294 277 1344 quidem
303 1292 687 1343 septuagensimum
714 1296 812 1330 ante
837 1305 995 1329 annum
1021 1291 1237 1339 perempti,
1258 1304 1340 1340 quo

109 1357 231 1397 modo
273 1356 528 1405 imaginibus
571 1356 654 1393 suis
692 1359 934 1403 noscuntur,
974 1368 1079 1403 quas
1115 1368 1167 1393 ne
1206 1354 1341 1393 uictor

109 1420 277 1470 quidem
298 1419 494 1467 aboleuit,
508 1419 565 1457 310
579 1424 742 1468 partem
754 1418 978 1457 memoriae
992 1418 1104 1467 apud
1118 1418 1340 1467 scriptores
1363 1431 1400 1454 10

109 1483 322 1523 retinent?
370 1497 490 1521 suum
524 1482 673 1530 cuique
706 1481 834 1520 decus
866 1481 1089 1530 posteritas
1122 1481 1317 1530 rependit
1328 1498 1338 1528 3

109 1560 186 1586 nec
228 1545 418 1592 deerunt,
456 1545 488 1582 31
526 1544 741 1582 damnatio
777 1543 951 1592 ingruit,
988 1543 1059 1591 qui
1096 1558 1180 1582 non
1217 1543 1340 1582 modo

111 1610 242 1650 Cassii
261 1614 302 1648 et
322 1609 455 1657 Bruti,
472 1608 545 1647 sed
564 1608 691 1647 etiam
707 1608 788 1646 mei
803 1606 1094 1646 meminerint.’
1150 1622 1341 1656 egressus

109 1674 207 1712 dein
243 1677 391 1712 senatu
430 1672 562 1710 uitam
599 1671 857 1710 abstinentia
896 1671 1045 1709 finiuit.
1101 1671 1230 1711 libros
1267 1686 1341 1721 per

111 1737 266 1776 aediles
294 1735 539 1775 cremandos
568 1749 765 1774 censuere
794 1739 956 1783 patres;
995 1734 1067 1774 sed
1095 1740 1341 1774 manserunt
1363 1743 1397 1776 Ι5

107 1800 305 1840 occultati
350 1804 393 1838 et
438 1798 551 1837 editi.
608 1812 690 1846 (1110
736 1797 870 1846 magis
917 1798 1149 1837 socordiam
1196 1813 1338 1837 eorum

107 1864 290 1903 inridere
304 1863 420 1911 libet,
436 1862 507 1911 qui
522 1861 731 1911 praesenti
749 1861 937 1910 potentia
953 1861 1131 1901 credunt
1147 1863 1339 1912 extingui

109 1940 226 1976 posse
252 1925 378 1964 etiam
404 1924 614 1973 sequentis
640 1924 734 1963 aeui
760 1924 1013 1963 memoriam.
1070 1939 1167 1964 nam
1193 1930 1340 1965 contra

110 1989 268 2039 punitis
286 1988 466 2037 ingeniis
484 1988 623 2037 gliscit
639 1987 880 2036 auctoritas,
897 2002 1031 2036 neque
1046 1989 1161 2027 aliud
1177 1990 1339 2029 externi

112 2067 232 2103 reges
258 2058 331 2092 aut
357 2052 428 2101 qui
454 2051 601 2091 eadem
627 2051 803 2090 saeuitia
829 2052 892 2090 usi
918 2057 1028 2100 sunt,
1054 2053 1132 2091 nisi
1159 2053 1340 2093 dedecus
1360 2065 1400 2086 20

112 2117 190 2155 sibi
210 2121 336 2165 atque
356 2115 437 2154 illis
457 2115 633 2164 gloriam
653 2129 863 2164 peperere.
